2924 4644
322 398 366 480 b)
395 403 505 466 Deinde
538 402 609 464 baec
637 401 780 474 particula
805 373 915 461 contre
941 407 1026 478 atque
1060 410 1256 478 exspectemus
1292 424 1355 468 cum

237 509 395 581 praesentis
425 507 594 580 indicativo,
616 506 770 581 coniuncta
801 514 845 563 est
876 505 905 563 iu
937 507 971 564 iis
1004 507 1091 583 lucis,
1124 509 1171 568 ubi
1202 510 1236 568 de
1271 512 1356 570 rebus
1444 579 1445 584 η

236 618 286 672 aut
307 611 472 685 praeteritis
494 615 544 669 aut
566 609 670 670 tuturis
694 611 800 682 agitur.

326 772 352 826 1.
363 767 441 826 Leeo
459 765 666 839 praeteriti,
680 769 825 838 tamquam
836 779 980 840 praesens,
994 767 1069 839 qued
1092 774 1194 826 vocant
1211 785 1355 840 gramme-

236 873 286 930 tici
313 871 489 945 historicum,
513 870 656 928 invenitur
678 870 749 927 locis
772 869 907 940 viginti
931 885 997 926 sex.
1080 871 1196 930 Initium
1216 871 1355 931 faciamus

237 972 273 1034 ab
297 975 340 1045 iis,
363 978 535 1049 inquorum
563 976 632 1033 item
656 973 801 1046 primariis
835 975 990 1031 enuntiatis
1014 989 1152 1045 praesens
1185 976 1354 1038 historicum

236 1086 345 1140 exstat:
390 1079 530 1140 Bacch.
556 1079 616 1138 279
647 1075 730 1136 ‘ferte
753 1084 784 1134 ut
814 1076 912 1136 adsedi
935 1079 964 1135 in
997 1085 1087 1153 stega,
1111 1079 1202 1138 Dum
1234 1082 1354 1139 eircum-

235 1189 332 1258 spectu
347 1199 400 1258 me,
424 1188 508 1257 atque
524 1178 548 1260 ¹)
571 1195 625 1254 ego
635 1181 759 1240 lembum
783 1181 955 1257 conspicere
980 1182 1058 1243 Cas.
1074 1183 1107 1257 V,
1120 1185 1147 1258 2,
1160 1185 1200 1242 29
1225 1181 1354 1245 Bacch.

237 1288 295 1346 951
323 1319 364 1328 -—
396 1286 477 1346 Libri
507 1287 631 1349 hebent:
663 1285 719 1345 ‘ille
752 1285 919 1344 mendicans
951 1301 1040 1359 paene
1069 1288 1199 1346 inventus
1232 1289 1354 1362 interiit,

237 1392 320 1450 Dum
344 1391 385 1449 ibi
408 1389 471 1450 fata
493 1367 617 1464 e'xquirtt
639 1390 771 1466 illorum’,
796 1393 849 1448 nisi
874 1392 948 1464 quod
964 1391 1008 1449 Ba
1029 1389 1073 1448 Da
1096 1407 1147 1463 pro
1168 1389 1249 1450 ‘teta’
1270 1407 1353 1464 prae·

231 1496 303 1554 'bent
317 1488 424 1555 ‘faeta'
457 1490 601 1553 Interiit’
625 1494 953 1553 servantFleekeisenus
976 1501 1006 1553 et
1023 1495 1182 1567 Ussingius
1205 1494 1260 1555 Sed
1278 1497 1352 1569 qued

236 1599 320 1658 metri
338 1615 425 1659 eausa
448 1599 497 1656 ille
513 1596 646 1674 —Jahn,
670 1600 764 1658 annal.
789 1598 856 1656 LXI
880 1615 908 1670 p.
925 1601 965 1657 23
989 1600 1057 1659 adn.
1071 1632 1107 1641 -
1125 1601 1245 1672 primum
1269 1598 1354 1674 sylla·
1444 1659 1445 1680 ,

236 1705 301 1763 bum
324 1706 352 1762 in
372 1702 500 1762 ‘interiit'
519 1704 626 1774 corripi
645 1719 729 1775 posse
747 1703 896 1760 contendit
914 1702 993 1760 brevi
1011 1705 1208 1778 antecedente,
1232 1704 1302 1779 iure,
1326 1709 1355 1761 ut

235 1810 347 1883 opiner,
370 1808 423 1866 boc
446 1804 551 1865 refellit
571 1806 766 1865 Mltllerus
788 1835 829 1848 -
853 1805 903 1866 Pr.
925 1805 966 1863 Pl.
984 1822 1010 1877 p.
1028 1809 1107 1881 333;
1133 1809 1193 1868 357
1207 1809 1356 1881 —Neque

236 1914 327 1983 magis
342 1911 411 1969 mibi
435 1910 583 1985 probetur,
603 1909 843 1983 qnodUssingius
866 1911 980 1968 ultimas
1004 1911 1074 1970 duas
1098 1913 1231 1971 contrabi
1252 1917 1355 1970 monet.
1440 1957 1445 1968 „

236 2017 329 2088 Quare
352 2031 415 2074 eum
425 2013 583 2074 Ritsebeliu
607 2014 725 2074 ‘interit’
749 2015 930 2074 scribendum
955 2019 984 2073 et
1006 2019 1137 2088 proxime
1160 2018 1248 2076 verbe
1271 2032 1356 2089 prop-

236 2128 282 2180 ter
303 2126 424 2180 metrum
456 2111 672 2193 transponenda
703 2126 790 2193 puto:
812 2119 888 2180 ‘Deli
920 2120 973 2194 ego
996 2121 1172 2195 depraensus
1202 2135 1284 2184 sum:
1307 2113 1358 2179 ille

236 2227 368 2284 inventus
390 2224 556 2284 mendicans
579 2240 670 2298 paene
693 2226 821 2298 interit,
845 2225 933 2283 Dum
958 2220 1062 2296 e.q.s.’
1108 2224 1165 2282 Pro
1189 2223 1260 2282 ‘luta
1294 2227 1356 2285 illo-

237 2328 309 2388 rum'
333 2329 394 2404 vel,
426 2328 502 2402 quod
532 2328 575 2386 Ba
607 2328 652 2387 Da
680 2329 805 2403 habent,
833 2325 919 2386 ‘lacte
950 2321 1090 2401 illorum',
1124 2327 1282 2387 Gulielmus
1314 2361 1357 2373 —-

238 2433 369 2492 Verisim.
390 2433 413 2510 l,
430 2433 469 2490 22
490 2465 527 2473 --
551 2438 581 2490 et
595 2431 727 2504 Scaliger
753 2433 944 2506 seripserunt:
968 2429 1037 2489 ‘fata
1060 2426 1199 2506 iliorum’;
1223 2432 1355 2506 equidem
1444 2465 1445 2508 3

237 2553 300 2598 eum
318 2537 481 2596 ,thsebelio
509 2536 603 2594 scribo
626 2534 713 2595 ‘lenta
734 2529 870 2597 Iliorum’.
916 2535 997 2610 Quod
1023 2534 1176 2610 Ussingins
1199 2535 1269 2597 ‘lata
1292 2538 1355 2597 illu·
1444 2521 1445 2540 ¹

238 2642 309 2700 rum'
333 2640 471 2719 defendit,
494 2639 564 2699 mihi
586 2655 643 2700 nun
667 2640 881 2714 probatum—-

323 2799 387 2858 Tri
399 2816 427 2858 u.
441 2799 501 2860 166
526 2795 596 2858 ‘ruri
620 2798 698 2860 dum
714 2814 775 2859 sum
798 2815 852 2872 ego
869 2817 939 2860 unos
955 2817 1002 2860 sex
1026 2800 1113 2873 dies,.
1130 2797 1254 2858 ..Aedis
1269 2815 1356 2858 vena·

236 2904 271 2962 lis
294 2903 378 2962 besee
401 2902 534 2962 inscribit
555 2899 683 2977 litteris'3
706 2904 831 2977 Amph.
858 2905 941 2962 1120
965 2903 1080 2961 Mene.
1111 2902 1167 2960 193
1191 2901 1269 2962 Mil.
1294 2903 1355 2962 308

240 3040 275 3051 —
301 3007 385 3066 Hune
414 3008 506 3067 locum
530 3008 571 3064 sic
605 3006 740 3065 exhibent
770 3006 850 3066 libri:
896 3003 980 3064 ‘Dum
1010 3007 1116 3079 egeln
1149 3009 1253 3083 tegulis
1285 3022 1355 3078 sum,

182 3123 185 3130 ·
236 3113 303 3172 illae
326 3110 379 3170 hee
402 3111 607 3183 snnmtospieio
630 3108 690 3167 edit
712 3105 798 3168 toras’
822 3108 857 3184 D,
881 3107 957 3170 ‘illac
980 3110 1126 3172 baecsum
1150 3112 1258 3186 ospitis
1281 3124 1309 3170 e.
1325 3103 1355 3169 f.’

238 3214 268 3289 O,
291 3215 411 3274 illacbee
443 3230 473 3272 se
495 3209 560 3295 (sed
584 3209 616 3272 ‘e'
640 3229 655 3271 e
678 3212 766 3287 corr.)
790 3214 894 3287 ospitiu
917 3231 943 3276 e.
975 3215 1007 3277 f.’
1030 3217 1063 3276 B.
1110 3215 1289 3278 Camerarius
1312 3215 1355 3274 al·

237 3324 329 3379 teram
350 3319 433 3378 huius
456 3335 554 3378 versus
575 3324 689 3392 partem
712 3319 838 3377 restituit
869 3321 898 3378 in
922 3319 997 3379 bunc
1021 3321 1148 3380 medum:
1173 3317 1251 3378 ‘illac
1283 3319 1356 3379 baec

238 3439 268 3481 se
291 3424 414 3498 hospitio
438 3423 534 3482 educit
555 3417 652 3497 feras',
676 3422 848 3486 Lambinus:
873 3425 965 3483 ‘illaec
989 3441 1018 3484 se
1041 3440 1074 3482 ex
1099 3427 1197 3481 nestro
1230 3423 1355 3495 bospitio

238 3528 335 3586 eduxit
370 3524 412 3602 f.’;
435 3528 607 3587 Ritschelius
639 3522 753 3585 ‘eduxit'
788 3528 914 3601 probans
947 3530 1073 3602 scripsit:
1098 3527 1156 3586 ‘illa
1178 3545 1212 3585 ex
1242 3543 1293 3585 suo
1325 3542 1355 3585 se

238 3633 265 3692 b.
295 3634 391 3692 eduxit
423 3632 461 3707 l'.',
485 3631 654 3693 Lorenzius:
684 3633 743 3694 ‘ille
774 3649 808 3692 ex
831 3649 881 3691 sue
911 3647 940 3689 se
962 3631 989 3691 h.
1013 3631 1093 3690 dedit
1125 3625 1152 3690 1.’
1183 3664 1225 3676 -
1256 3627 1354 3690 ‘dedit'

238 3739 360 3796 coniecit
390 3738 505 3810 Lipsius
537 3731 620 3812 (Axrt.
642 3738 706 3796 lect.
730 3737 778 3811 IV,
811 3738 865 3812 14)
891 3749 939 3808 -—;
964 3734 1078 3794 Brixius
1101 3736 1228 3796 exbibet:
1262 3734 1354 3794 ‘illaec

237 3857 288 3900 suu
310 3857 340 3899 se
362 3855 395 3898 ex
419 3842 446 3902 h.
470 3841 530 3901 edit
552 3839 600 3918 f.’;
624 3840 818 3902 Ribbeekius:
849 3839 899 3898 illu
922 3855 955 3898 ec
978 3847 1028 3898 suo
1052 3838 1102 3898 sed
1124 3839 1150 3901 b.
1176 3839 1236 3899 edit
1258 3835 1287 3900 l’.
1314 3871 1352 3880 -

240 4077 264 4131 n
284 4076 315 4129 n
332 4076 381 4128 hoe
398 4093 446 4128 usn
474 4075 524 4132 viu.
543 4073 658 4142 Ktihnen
678 4075 695 4131 l.
717 4093 739 4131 ο.
758 4073 793 4142 11,
820 4093 844 4146 p.
864 4075 928 4142 esu
947 4076 1111 4146 nraegsx·
1139 4076 1156 4132 l.
1174 4093 1194 4130 ο.
1212 4075 1246 4130 11.
1266 4093 1291 4146 p,
1310 4077 1352 4131 eu.
1444 4051 1445 4078 ¹

281 4162 398 4216 Ceterum
410 4163 442 4217 cf.
455 4163 554 4218 Poeu.
572 4161 700 4231 111,:t‚38
718 4161 793 4234 Epic.
812 4165 862 4218 217
881 4164 958 4220 Meet.
977 4166 1057 4238 10503
1072 4198 1102 4206 ——
1117 4165 1190 4235 Cupt.
1208 4165 1273 4232 479;
1293 4166 1352 4220 481.
