2924 4644
212 169 254 236 10

299 347 411 408 Deinde
442 350 565 422 siugulis
587 349 658 410 iocis
680 351 787 422 legitur
808 348 944 427 futurum,
966 349 1098 411 saturum
1121 354 1260 424 exactum,
1281 366 1333 423 per

212 450 328 510 fectum.

297 555 334 615 11.
357 555 485 615 Futuri
508 555 667 628 exemplum
690 555 835 614 invenitur
855 558 974 630 Amph.
999 562 1060 618 472
1092 558 1221 618 ‘Erroris
1243 559 1328 619 ambo

217 678 273 735 ego
295 659 360 719 illos
383 666 413 718 et
435 660 596 719 dementiae
609 658 755 732 conplebo
845 660 927 722 Adeo
950 680 1038 737 usquo
1062 665 1225 724 satietatam
1248 663 1332 723 dnm

214 765 311 839 capiet
333 758 435 838 pater'.

312 866 363 928 111.
387 869 562 927 Futurum
585 873 753 928 exactum
774 868 849 927 hano
873 872 1042 941 particulam
1067 872 1194 946 sequitur
1225 871 1332 928 Pers.

215 975 255 1032 52
278 971 386 1047 ‘Usque
409 986 459 1030 ero
482 970 568 1045 dorni,
591 973 675 1030 dum
696 988 834 1031 excoxero
857 974 953 1031 lenoni
976 975 1081 1034 malam
1104 967 1185 1035 rem?

299 1077 349 1138 IV.
371 1074 535 1134 Perfecti
561 1108 597 1117 -
624 1077 667 1134 vel
691 1077 851 1148 praesentis
873 1077 1004 1138 historici
1030 1111 1066 1120 -
1090 1082 1252 1152 exemptum
1285 1095 1331 1138 ex-

216 1186 277 1240 stat
309 1181 417 1241 (iuro.
442 1180 504 1238 682
533 1176 640 1238 ‘decem
673 1181 765 1238 minas
795 1181 879 1240 dum
902 1181 950 1240 hic
973 1183 1067 1258 solvit,
1096 1183 1189 1240 omnis
1218 1199 1332 1243 mensas

215 1275 349 1344 transiit'
394 1283 450 1342 Hic
472 1283 550 1341 locus
572 1279 692 1342 offendit
714 1290 878 1361 propterea,
899 1287 975 1360 quod
998 1288 1069 1346 illud
1092 1285 1211 1345 ‘solvere
1235 1287 1334 1345 decem

216 1383 317 1448 minas'
340 1404 398 1448 non
419 1388 514 1445 statim
536 1387 664 1460 seqnitur
687 1385 821 1446 ‘omnium
839 1405 1001 1449 mensarum
1016 1383 1234 1450 transitionem.
1277 1391 1333 1448 lm-

223 1510 270 1551 mo
292 1491 474 1564 argentarius
505 1491 553 1549 iile
586 1492 679 1564 solvit,
709 1509 764 1550 non
794 1498 945 1568 postquam
971 1513 1089 1563 ,mensas
1124 1497 1250 1568 transiit,
1283 1495 1333 1552 sed

218 1602 371 1671 postquam
394 1611 458 1653 eum
482 1593 575 1654 ‘amici
599 1587 814 1667 compulerunt'.
836 1597 916 1658 Dicit
938 1601 1001 1660 leno
1024 1603 1074 1675 ita,
1089 1600 1168 1673 quasi
1192 1598 1247 1656 hoo
1263 1597 1328 1655 ‘om-

219 1686 264 1742 nis
288 1699 401 1742 mensas
423 1683 547 1741 transire
570 1675 658 1739 illum’
683 1683 880 1754 gravissimum
904 1688 942 1748 sit
963 1703 1070 1760 eorum,
1087 1683 1250 1758 quaefacta
1265 1686 1331 1739 sunt
1447 1725 1448 1752 p

216 1804 306 1861 usque
329 1787 481 1874 adipsum
505 1792 618 1859 tempus
641 1785 777 1845 solvendi.

747 2006 800 2068 B.

337 2123 381 2194 tio
405 2121 562 2210 partiente
584 2122 675 2192 ‘uum’
699 2139 770 2194 cum
794 2123 998 2194 coniunctim
1022 2125 1203 2194 coniuncta.

301 2285 442 2359 Quoniam
467 2285 563 2358 priore
585 2284 668 2349 huius
692 2287 902 2346 dissertationis
925 2290 1008 2356 parte
1032 2285 1067 2343 de
1089 2287 1124 2343 iis
1147 2289 1219 2346 locis
1249 2305 1334 2362 expo-

213 2391 329 2464 suimus,
351 2388 452 2463 quibus
475 2390 547 2450 haee
569 2391 712 2463 particula
734 2407 797 2447 cum
821 2387 976 2447 indicativo
1000 2389 1152 2449 coniuncta
1175 2393 1331 2467 invenitur,

214 2513 292 2556 nunc
314 2501 495 2555 transeamus
517 2493 555 2554 ad
578 2510 635 2567 eos,
659 2492 708 2552 nbi
731 2493 928 2552 commotivos
951 2507 1014 2550 cam
1037 2497 1173 2569 sequitur.

309 2600 353 2658 Ac
375 2599 552 2657 recentiores
581 2597 694 2672 quidem
727 2597 918 2672 grammatici,
951 2598 1092 2671 imprimis
1115 2598 1267 2657 Kthnerns
1301 2604 1329 2655 et

217 2702 383 2778 Dra'egerus
397 2697 434 2782 ¹),
457 2704 639 2762 consentiunt
661 2700 697 2761 de
719 2703 902 2761 coniunctivo
926 2733 969 2771 -—‚
997 2705 1119 2761 maxime
1149 2707 1214 2774 post
1245 2693 1331 2759 ‘dum’

215 2809 332 2867 notione
356 2799 460 2882 ,ΜΨ
486 2808 579 2880 posito
605 2840 643 2850 -
667 2807 894 2881 interpretando,
927 2821 990 2864 cum
1022 2805 1097 2863 hanc
1117 2809 1211 2864 inesse
1233 2806 1332 2864 dicunt

215 2911 280 2986 sim,
304 2916 336 2970 ut
357 2911 395 2969 ad
418 2911 567 2969 consilium
591 2912 733 2984 quoddam
756 2913 815 2970 sive
837 2909 1153 2981 exspectationem
1169 2908 1332 2971 retenentur

213 3030 257 3089 ca,
280 3012 424 3087 quasilla
446 3015 598 3087 temporali
622 3015 816 3073 enuntiatione
840 3010 1033 3086 proferantur.
1275 3014 1331 3072 Sed

214 3118 250 3179 ab
283 3118 338 3178 hac
370 3118 609 3190 interpretatione
641 3116 798 3175 abliorrent
829 3116 918 3174 multa
952 3119 1091 3194 exempla,
1133 3120 1209 3176 velut
1242 3117 1328 3179 haec:

213 3222 324 3282 Most.
349 3223 410 3282 683
435 3219 508 3294 ‘Ego
531 3222 680 3294 tantisper,
704 3219 770 3278 dum
794 3221 886 3295 exis,
910 3226 938 3281 te
961 3217 1123 3296 opperiar';
1157 3223 1201 3280 vel
1233 3221 1324 3282 Rud.

214 3328 277 3387 879
301 3324 417 3387 ‘ibidem
440 3325 507 3383 ilico
529 3323 655 3399 Moneta,
680 3324 746 3382 dum
769 3341 822 3398 ego
845 3326 901 3385 huc
923 3326 1018 3387 redeo
1032 3321 1048 3400 ;'
1072 3327 1115 3384 vel
1142 3323 1242 3398 apto.
1266 3328 1328 3386 633

185 3420 366 3504 '‘Opperire
390 3429 458 3490 dum
489 3427 592 3489 effero
615 3445 639 3491 e.
663 3444 709 3502 qu.
734 3421 781 3508 s.';
813 3432 857 3490 vel
880 3429 986 3492 Onrc.
1022 3431 1082 3488 242
1116 3428 1234 3504 ‘aliquot
1267 3431 1327 3488 dies

217 3535 353 3610 perdura,
376 3535 442 3593 dum
466 3535 603 3594 intestina
625 3541 830 3608 exputescunt
838 3527 856 3612 ;'
880 3536 935 3594 vel.
958 3533 1048 3594 auo.
1064 3533 1144 3592 1032
1169 3533 1246 3593 Mil.
1264 3533 1325 3592 583

212 3638 277 3700 alia.

303 3763 382 3837 Quae
407 3777 471 3822 onm
494 3762 535 3820 ita
558 3761 616 3820 sint
638 3766 823 3836 apparatae,
848 3758 923 3833 quod
955 3759 1115 3830 exspectari
1148 3759 1257 3832 aliquid
1292 3760 1329 3816 si·

217 3866 379 3945 purificatur,
403 3881 456 3940 per
478 3883 508 3925 se
531 3866 743 3925 coniunctivum
767 3880 823 3923 non
847 3861 932 3922 effici.
978 3861 1077 3934 Neque
1105 3869 1201 3922 tamen
1229 3877 1328 3921 conce-

230 4039 254 4096 lt
273 4033 492 4096 viduatum,
520 4034 538 4087 l.
560 4051 580 4088 o.
599 4033 633 4086 ΙΙ.
653 4049 677 4100 p.
697 4031 764 4096 913;
792 4031 844 4085 912
866 4029 1026 4098 Draegcr‚
1046 4028 1269 4099 1,o.11p.610;
1297 4028 1330 4083 ef.

263 4121 386 4177 Hand:
405 4121 514 4174 tursol]-
534 4121 561 4174 ΙΙ
578 4137 603 4189 p.
621 4120 680 4175 319.
