2924 4644
122 420 249 481 dandum
275 423 328 494 cst,
356 419 418 476 sinc
441 415 687 477 ullodiserimine'
701 414 786 474 modo
801 414 1010 476 coniunctirum
1028 413 1113 474 modo
1134 414 1243 475 ludica·

123 527 216 584 tivum
239 525 366 598 pesitum
390 539 451 582 esse
475 551 515 563 -
540 519 596 580 vid.
620 519 781 592 Dracger
803 518 830 576 ll
853 533 881 590 p.
905 510 968 576 609
991 520 1020 574 et
1041 516 1076 578 cf.
1110 517 1241 594 Haud,

120 631 139 689 l.
164 648 188 688 c.
212 629 240 687 Il
267 643 294 700 p.
319 628 380 685 319
407 657 445 667 -

210 735 300 792 Immo
323 730 497 804 repetendus
520 733 564 788 est
596 743 663 786 usus
694 744 729 786 ex
761 727 899 800 primaria
929 723 1104 798 propriaque
1136 729 1241 784 natura

122 838 309 911 coniunctivi,
333 851 389 909 que
412 838 515 893 contra
537 836 623 906 atque
654 831 813 892 indicativo
841 863 882 874 -
910 832 960 904 qui
990 830 1159 904 simpliciter
1191 831 1243 888 ali-

124 942 192 1017 quid
215 957 334 1015 prorsus
358 955 391 996 ac
414 954 465 1012 per
489 955 519 996 se
542 954 604 996 esse
635 937 770 1010 exprimit
801 969 841 978 --
873 933 1030 1009 significari
1060 938 1174 995 constat
1203 934 1244 1009 id,

121 1046 198 1119 quod
222 1062 278 1103 non
302 1059 415 1116 perse,
439 1043 491 1100 sed
513 1058 577 1102 cum
601 1042 772 1101 condicione
794 1042 977 1100 coniunctum
999 1038 1120 1112 ideoque
1149 1039 1242 1097 incer-

124 1154 183 1207 tum
207 1155 257 1208 est.
561 1139 565 1145 ’

236 1253 310 1312 Hinc
333 1251 466 1325 efficitur,
490 1255 520 1308 ut
542 1253 608 1323 post
631 1242 717 1307 ‘dum'
741 1248 938 1308 coniunctivus
968 1251 1061 1306 exstet
1092 1252 1121 1304 et
1151 1247 1238 1304 iniis

126 1359 204 1428 locis,
227 1356 276 1414 ubi
299 1355 368 1428 quid
391 1355 430 1410 in
461 1359 591 1412 mente
621 1354 773 1426 agitari
796 1352 974 1425 exprimitur,
997 1353 1122 1426 omniuo,
1152 1357 1182 1410 et
1213 1352 1242 1410 in

127 1462 173 1533 iis,
194 1459 244 1518 ubi
266 1459 334 1531 quid
357 1459 566 1531 exspectari
599 1458 774 1530 enuntiatur,
803 1457 855 1530 ita,
884 1460 925 1530 ut,
962 1472 1030 1514 num
1068 1461 1235 1515 eventurum

130 1565 169 1621 sit
191 1563 230 1636 id,
253 1562 329 1634 qnod
351 1567 541 1636 exspectatur,
570 1564 601 1622 in
631 1561 724 1621 medic
756 1561 943 1631 relinquatur.
962 1557 987 1635 ¹)
1053 1561 1116 1620 Hoc
1147 1562 1237 1634 igitur

125 1666 279 1724 tenendum
302 1671 346 1724 ast
368 1667 397 1724 in
420 1666 581 1725 tractandis
603 1666 739 1737 exemplis
761 1664 917 1724 Plautinis:
962 1664 1043 1737 Quod
1058 1665 1161 1726 Most.
1176 1668 1237 1726 683

128 1770 327 1842 Theurnpides
349 1784 441 1845 servo,
465 1783 549 1843 quem
571 1771 654 1828 iussit
676 1771 810 1844 ricinum,
834 1770 913 1828 cuius
937 1767 1023 1828 aedes
1045 1786 1064 1828 a
1085 1768 1143 1830 filie
1159 1786 1238 1843 cmp-

9 1929 11 1942 ,
123 1882 168 1933 tas
190 1875 238 1932 ille
261 1872 351 1949 finxit,
374 1890 488 1948 rogare,
512 1879 545 1932 ut
566 1875 623 1948 ipsi
645 1891 694 1933 eas
716 1874 859 1946 inspicere
889 1874 998 1948 liceret,
1029 1873 1119 1936 dicit:
1163 1873 1240 1934 ‘dum

126 1981 211 2053 exis,
233 1985 263 2036 te
285 1980 421 2052 opperiar
442 1971 534 2051 loris',
557 1980 582 2038 is
604 1995 635 2037 se
657 1992 711 2052 pro
734 1983 812 2037 certe
833 1978 911 2037 illins
933 1979 1058 2038 reditum
1073 1985 1239 2052 exspectare

124 2083 312 2142 demonstrat.
380 2082 461 2154 Quod
483 2087 585 2140 contra
607 2080 681 2141 Mil.
708 2083 789 2141 1249
813 2081 1009 2155 Milphidippa
1031 2083 1237 2159 Acroteleutie,

123 2201 197 2260 quae
220 2187 250 2245 iu
273 2186 372 2246 militis
395 2186 481 2246 aedes
504 2187 614 2245 intrare
637 2201 667 2246 se
691 2187 761 2245 velle
783 2191 834 2246 aut
856 2201 920 2244 enm
942 2184 1020 2245 feras
1043 2187 1157 2246 evocari
1187 2185 1239 2245 fin<

123 2293 174 2365 git,
198 2291 305 2354 obicit:
341 2291 442 2350 ‘Immo
472 2292 666 2364 opperiamur,
698 2290 765 2348 dum
797 2294 897 2349 exest
918 2283 1045 2362 aliquis’,
1079 2291 1127 2350 hic
1159 2290 1239 2365 illud,

124 2395 201 2468 quod
225 2401 473 2469 exspectatur-
496 2392 584 2454 ‘exire
607 2387 836 2467 aliquem-in
858 2395 953 2455 medio
976 2395 1151 2469 relinquitur
1172 2413 1239 2454 nnm

125 2503 294 2557 eventurum
317 2502 365 2560 sit.
386 2531 428 2542 -—
451 2499 485 2558 el.
515 2500 597 2559 Rud.
622 2500 685 2558 870
716 2496 843 2558 ‘Menate
876 2498 943 2557 dum
965 2515 1019 2573 ego
1042 2499 1098 2560 hnc
1127 2499 1240 2573 redc0‘;

126 2601 254 2661 Bacch.
277 2605 317 2662 48
342 2603 417 2662 ‘dum
441 2604 466 2661 is
489 2605 609 2678 veniat,
632 2595 822 2679 opperibere',
845 2605 912 2663 alia.

213 2706 268 2776 His
289 2709 455 2780 praemissis
479 2707 517 2766 ad
539 2709 717 2780 propesitum
747 2707 927 2768 accedamus.
981 2706 1025 2764 Ac
1052 2707 1139 2764 liceat
1168 2705 1238 2764 milri

127 2810 164 2869 ab
187 2828 230 2885 ca,
253 2827 339 2886 quarn
363 2813 456 2872 altera
478 2813 508 2870 in
529 2817 612 2885 parte
642 2817 756 2872 secutus
779 2828 850 2888 snm,
881 2813 993 2870 ratione
1023 2807 1176 2868 deflectere
1208 2817 1238 2869 et

122 2917 252 2989 exempla
273 2918 374 2977 ordine
397 2923 568 2992 temporum,
591 2932 664 2990 quae
687 2917 859 2990 particulam
882 2919 1241 2990 sequuntur,c0mponere.

597 3107 683 3181 Cap.
706 3107 756 3168 IV.

150 3224 214 3284 lle
237 3223 374 3285 ‘dum’
398 3225 622 3303 particula
645 3242 745 3288 cum
769 3226 1052 3288 coniunctim
1073 3241 1199 3306 prae·

478 3347 616 3409 sentis
639 3348 888 3410 coniuncta.

205 3503 271 3561 Jam
295 3504 407 3562 initium
432 3506 578 3578 capiemus
601 3507 637 3566 ab
662 3507 697 3565 iis
723 3509 800 3581 locis,
823 3505 871 3564 ubi

118 3670 143 3720 ll
162 3667 231 3720 Nam
254 3669 401 3738 quaein
425 3674 545 3725 mente
563 3673 767 3740 agitantur
790 3689 853 3726 num
878 3671 968 3726 futura
991 3669 1044 3724 sint
1067 3669 1171 3740 linguae
1187 3687 1238 3726 usu

160 3755 1237 3830 omnineprnineertosumitur31niisverc,qnaeexspectanturu

167 3840 217 3892 hnc
235 3841 329 3910 pendet
346 3845 508 3916 eloquentis
526 3847 629 3903 iudicio.
648 3877 682 3887 —
700 3847 850 3902 Perversum
867 3863 923 3900 esse
939 3847 1004 3900 milri
1029 3847 1139 3912 videtur,
1167 3847 1236 3917 qnod

161 3925 351 3996 Kiihnerus,
374 3933 402 3992 =,l.
421 3949 444 3984 c.
473 3933 507 4000 II,
525 3934 558 3987 91
581 3936 653 4002 §31‚
673 3938 700 4001 7)
718 3967 751 3974 -
770 3934 803 3988 cf.
821 3934 976 4002 Lilbbert,
1004 3934 1077 4004 Synt.
1097 3952 1121 3988 u.
1141 3932 1231 4000 Quom,

159 4032 182 4082 p.
201 4017 233 4069 81
254 4049 281 4056 -
307 4017 499 4073 coniunctivum
518 4021 660 4090 praesentis
677 4039 862 4092 nonnunquam
881 4039 927 4090 pre
947 4019 1035 4075 future
1054 4021 1167 4093 positum
1183 4038 1238 4076 esse

161 4103 302 4159 contendit.
338 4103 467 4160 Futunrm
491 4109 559 4162 eninr
576 4126 622 4178 pre
641 4125 688 4162 sua
714 4111 810 4163 nature
834 4109 965 4178 significat
990 4109 1026 4174 id,
1051 4107 1120 4177 quod
1148 4112 1237 4165 certe

164 4191 314 4245 aventinum
332 4195 373 4248 est
391 4194 519 4264 loquentis
537 4195 639 4250 iudicio.
