2944 4632
721 393 802 466 Cap.
824 394 878 454 111.

374 543 440 605 ne
462 545 687 622 partie-ia
708 547 845 608 ’dun’
867 549 1050 610 notione
1071 548 1217 628 „siguo

324 667 473 726 Postremo
495 668 647 726 dicendum
670 679 714 727 est
736 672 772 728 de
795 673 830 730 iis
851 676 997 746 exemptis,
1019 675 1048 730 iu
1073 676 1178 746 quibus
1200 677 1270 735 huee
1292 696 1356 749 pur·-

237 773 325 830 tieule
348 763 431 842 „bie”
455 770 607 842 signifieat.

323 875 344 936 l.
369 877 607 933 Praesentis
627 878 757 948 exemplu
779 879 874 935 inueni
899 882 1051 952 uiginti
1075 883 1192 960 duoffy

324 1015 433 1072 Horum
457 1014 486 1070 iu
509 1014 655 1088 plerisque
677 1014 805 1074 futurum
828 1019 871 1074 rei
894 1016 1020 1076 futurum
1052 1029 1185 1081 exnemnn
1209 1023 1356 1084 desideru-

236 1135 306 1180 unus.
328 1149 371 1159 -

321 1255 423 1329 Gapt.
447 1251 620 1328 2333‘Qu0o
643 1257 697 1315 sibi
721 1259 819 1317 volunt
841 1256 1012 1336 (humines),
1035 1263 1114 1320 duur
1138 1265 1168 1322 id
1191 1267 1356 1338 impetrant,
1457 1269 1459 1382 )

236 1363 310 1422 Boni
333 1354 418 1422 suut'.
441 1391 482 1401 -
506 1361 607 1433 Neque
629 1361 706 1418 euim
729 1365 873 1420 assentior
895 1363 1082 1438 Draegeru
1105 1365 1139 1434 (l.
1160 1386 1185 1427 e.
1207 1370 1244 1444 li,
1269 1369 1356 1448 602),

235 1471 285 1542 qui
308 1457 516 1542 notionem,jo
540 1457 626 1544 [unqe
648 1458 718 1526 ul&
731 1467 786 1526 hoc
808 1469 871 1526 lucu
893 1471 924 1526 in
945 1473 1149 1532 coniunctione
1159 1469 1245 1533 ‘duur'
1261 1477 1357 1534 inesse

235 1571 333 1632 voluit.
378 1570 453 1630 Num
476 1562 655 1641 ‘impetrare'
683 1586 741 1628 uon
764 1572 889 1642 pertinet
912 1573 950 1631 ud
981 1575 1096 1648 longius
1120 1581 1259 1650 temporis
1291 1597 1357 1652 spn-

234 1677 317 1747 tium,
349 1674 399 1733 sed
432 1679 513 1733 notui
545 1675 699 1732 terminum
730 1676 883 1750 quendam,
916 1694 972 1750 quo
1003 1682 1111 1740 aeunni
1141 1682 1258 1753 petendi
1290 1682 1355 1739 finis

235 1779 401 1852 imponitur.
415 1773 442 1855 3)
465 1775 502 1836 ef.
526 1778 689 1850 sequeutia:
713 1776 774 1836 ‘sed
796 1778 845 1837 ubi
868 1782 925 1838 iarn
956 1795 1044 1854 penes
1066 1799 1128 1841 sese
1159 1785 1275 1860 habeut,
1308 1785 1353 1842 Ex

234 1883 317 1942 bouis
339 1882 465 1955 pessumi
487 1929 494 1940 .
518 1928 524 1941 .
550 1927 556 1938 .
580 1874 686 1939 Fiunt)
841 1884 941 1956 ltnque
963 1901 999 1942 ne
1021 1886 1113 1945 Brixii
1137 1889 1253 1961 quidem
1276 1889 1353 1946 ratio

235 1987 352 2062 probari
376 1991 480 2060 potest,
503 1987 551 2060 qui
577 2001 641 2043 nuru
666 1985 783 2044 verbum
819 1983 994 2060 ‘impetrare'
1023 1992 1241 2066 interpretetur,
1272 1993 1355 2066 quusi

233 2093 308 2151 idern
332 2093 371 2150 sit
392 2095 478 2164 atque
501 2089 669 2162 ‘impetrare
692 2084 828 2166 studere',
851 2094 892 2150 sic
923 2095 1064 2167 explieat:
1087 2097 1233 2171 ‘quamdiu
1265 2098 1357 2169 irnpe-

233 2205 313 2256 trure
336 2187 470 2256 student.
495 2227 535 2235 —

556 2298 678 2372 Reliqua
701 2299 832 2372 exempla
854 2306 921 2357 suut
941 2299 1028 2360 huee:

318 2403 403 2463 Ruu
429 2403 490 2462 879
526 2400 642 2461 ‘ibidem
674 2401 741 2460 ilico
764 2401 891 2474 Manete,
913 2402 997 2460 dum
1029 2420 1085 2478 ego
1106 2405 1163 2465 hue
1194 2406 1282 2465 redeo
1292 2399 1353 2484 ⁴)’;

232 2509 277 2568 ib.
305 2508 384 2566 1032
418 2506 515 2565 ‘Mauo
543 2508 626 2566 dum
660 2505 755 2563 refero
787 2499 1008 2581 conditionem';
1032 2509 1144 2581 Epid.
1176 2511 1238 2569 633
1270 2509 1354 2570 Ces.

230 2613 279 2688 iv,
304 2614 333 2687 3,
359 2621 374 2670 1
398 2611 510 2670 Poeu.
532 2609 570 2684 II,
597 2617 622 2684 1,
646 2612 687 2668 44
710 2608 797 2668 Rud.
831 2610 894 2667 880
917 2607 1028 2673 Gurc.
1052 2615 1115 2672 466
1148 2616 1248 2674 Asin.
1272 2614 1352 2689 328;

230 2717 342 2778 Troe.
364 2715 414 2791 IV,
437 2717 467 2788 4,
492 2711 533 2773 et
556 2712 657 2787 ‘Quem
680 2732 734 2787 ego
757 2719 872 2774 ecastor
894 2731 979 2790 muge
999 2733 1065 2777 erno
1088 2733 1173 2791 quern
1197 2733 1249 2791 me,
1274 2715 1351 2774 dum

229 2822 259 2882 id
290 2822 365 2898 quod
388 2821 473 2895 cupio
497 2819 564 2880 iude
588 2813 708 2880 aufero.
723 2851 756 2859 -
775 2820 960 2879 Holtzius
982 2822 1096 2894 quidem
1120 2824 1149 2889 (l.
1173 2839 1198 2881 e.
1222 2821 1251 2879 11
1277 2815 1352 2896 129)

231 2927 319 2988 vertit
350 2925 520 3000 particulam
545 2916 593 3003 „Iu
615 2917 701 3005 Iunge
724 2917 810 2985 uiss¹¹z
833 2941 887 2997 ego
911 2927 1057 2984 notionem
1082 2918 1168 3001 „biss„
1204 2923 1352 2999 praefero:

229 3045 296 3089 nuru
318 3028 389 3089 illud
414 3021 533 3087 ‘aufero’
557 3045 613 3088 uon
636 3029 774 3102 longioris
805 3029 943 3100 temporis
965 3030 1053 3102 spatii
1085 3036 1138 3099 est,
1172 3029 1223 3090 sed
1253 3033 1352 3090 terrui·

229 3151 283 3195 uus
305 3138 349 3194 est
372 3134 416 3192 vel
437 3138 671 3208 eventuseorum,
694 3150 766 3208 quoe
790 3133 977 3192 Phronesium
1002 3140 1105 3194 eontra
1128 3136 1246 3193 militem
1269 3136 1351 3194 ruoli-

229 3245 286 3298 tur.
317 3267 351 3280 -

316 3358 424 3420 Most.
449 3360 511 3420 683
535 3358 608 3438 ‘Ego
632 3360 679 3419 hie
701 3361 853 3436 tantisper,
876 3358 962 3419 dum
983 3363 1052 3436 exis,
1085 3367 1114 3418 te
1135 3365 1273 3435 opperiar
1304 3361 1347 3420 f-

228 3458 278 3526 ris'
303 3493 345 3506 -
368 3462 430 3524 Hoc
453 3463 515 3526 loeo
538 3482 595 3540 quo
617 3467 729 3526 ratione
753 3465 966 3538 Draegerus
989 3463 1022 3544 (1.
1046 3481 1070 3524 c.
1095 3464 1122 3521 11
1145 3481 1173 3538 p.
1198 3461 1276 3543 609)
1299 3483 1350 3523 uo-

229 3671 254 3724 tr
274 3668 325 3722 vid.
344 3665 485 3722 Kiihuer
503 3663 526 3718 ΙΙ
544 3681 569 3734 p.
589 3665 640 3719 912
659 3663 816 3734 Drueger
832 3663 859 3716 11
876 3683 902 3734 p.
921 3665 981 3719 609.

227 3759 252 3810 9λ
273 3770 360 3810 versus
378 3753 470 3808 Poen.
493 3751 558 3807 1405
576 3753 701 3806 rationem
718 3769 771 3807 uon
788 3751 875 3819 hubini,
905 3769 963 3806 uum
982 3753 1089 3807 dubium
1107 3769 1162 3806 esse
1187 3767 1238 3805 non
1257 3751 1351 3822 possit.

263 3842 326 3912 quin
345 3843 457 3895 extreme
475 3837 551 3892 huius
570 3837 672 3893 fabulae
692 3855 751 3910 pers
772 3839 910 3910 posteriore
928 3843 1042 3910 tempore
1061 3840 1151 3894 additu
1169 3841 1213 3896 sit.
1237 3899 1239 3904 ,

226 3934 252 3990 11)
274 3929 305 3984 ei.
324 3925 441 3984 Cuueil.
460 3925 542 3978 sunt.
564 3923 613 3978 109
630 3925 768 3990 (Ribbeekz
787 3925 836 3994 fug.
856 3943 920 3980 eom.
935 3927 970 3990 n„
988 3926 1033 3979 uit
1052 3927 1194 3997 obsequens
1214 3968 1220 3981 .
1240 3967 1254 3990 .‚
1273 3925 1351 3980 dum

261 4017 287 4070 10
307 4013 376 4086 qrutd
395 4013 460 4084 petit
488 4013 603 4082 potitur',
623 4043 656 4052 —
684 4016 728 4067 ubi
745 4017 808 4068 item
836 4031 976 4084 perperam,
1008 4016 1038 4066 ut
1068 4015 1164 4083 opinor,
1182 4010 1351 4064 Holtzius
1455 4053 1456 4082 ,

262 4103 290 4168 0.
309 4119 331 4156 e.
350 4099 385 4158 ΙΙ,
404 4117 430 4170 p.
454 4099 512 4164 128)
532 4100 608 4152 vortit
625 4100 787 4167 „tuiit)re11b“.
1455 4085 1456 4094 ¹

234 4193 249 4205 '¹
271 4189 303 4240 du
321 4185 454 4241 indiuuiiri
472 4185 500 4238 iu
518 4185 614 4240 tulibus
632 4187 752 4256 exemplis
771 4188 796 4240 ri
813 4187 862 4241 vid.
880 4205 907 4258 p.
927 4189 969 4241 21.
