2924 4644
615 611 795 728 Vite.

126 911 129 916 -
231 871 324 931 Natus
347 886 409 928 sum
432 868 612 927 Hermannus
635 867 775 926 Aemilius
800 867 890 928 Oscar
912 869 1027 928 Elste
1049 886 1074 927 a.
1099 869 1126 927 d.
1143 868 1178 929 V.
1202 869 1261 930 Gai.

145 974 231 1034 Febr.
247 967 517 1034 amedaeum
533 972 717 1045 Mersehurgi
743 978 825 1045 patre
835 973 979 1048 Salomon,
1003 977 1094 1031 matra
1114 974 1266 1033 Hauriette

123 1056 161 1137 e
185 1083 271 1151 gente
293 1076 441 1150 Heinrich,
464 1090 536 1149 qnos
558 1077 653 1137 adhue
674 1079 769 1137 vivere
792 1078 875 1138 valde
898 1077 1019 1151 gaudeo.
1051 1077 1153 1138 Fidem
1177 1078 1263 1151 proii-

144 1189 207 1241 teor
230 1183 433 1255 evangelicam.
883 1193 886 1200 ’

233 1284 339 1344 Primis
365 1287 528 1344 litterarum
561 1285 710 1344 elementis
737 1285 864 1345 imbutus
895 1300 956 1344 sum
987 1285 1018 1343 iu
1042 1286 1153 1357 patriae
1185 1303 1265 1346 meae

144 1390 243 1448 schola
268 1389 386 1449 urbana.
431 1387 543 1448 Deinde
574 1404 641 1447 rere
673 1406 699 1448 a.
723 1389 750 1451 h.
775 1407 798 1451 s.
820 1390 917 1450 LXIX
940 1390 999 1449 adii
1027 1389 1153 1449 eiusdem
1185 1390 1264 1449 urhis

143 1496 334 1567 gymnasium,
357 1492 433 1568 quod
456 1507 631 1566 pernoram
654 1510 745 1552 annos
768 1493 957 1568 frequentavi.

230 1596 411 1656 Maturitatis
433 1598 598 1655 testimonio
621 1598 777 1657 instructus
800 1614 866 1657 vere
898 1617 924 1659 a.
948 1599 976 1659 h.
1001 1617 1023 1657 s.
1046 1595 1198 1656 LXXVIII
1222 1599 1262 1655 ci-v

144 1700 226 1759 vibus
249 1701 433 1760 unversitatis
455 1701 673 1760 FrIderiuiunac
697 1702 830 1762 HalensiS
856 1704 999 1776 ascriptus
1028 1720 1098 1762 sum.
1149 1702 1263 1762 Deinde

143 1811 280 1864 autumno
311 1804 439 1864 enisdem
471 1806 539 1864 anni
563 1804 730 1864 Beroliuum
761 1809 977 1881 transmigravi,
1008 1806 1084 1865 unde
1111 1813 1177 1878 post
1208 1808 1265 1864 tria
1338 1865 1341 1872 ,

144 1911 294 1969 semestris
321 1925 428 1968 seraa
468 1909 497 1968 h.
530 1926 552 1968 a.
576 1909 687 1968 LXXX
709 1912 812 1970 iterum
846 1912 936 1972 Halas
967 1927 1011 1971 me
1044 1913 1160 1970 contuli.
1206 1911 1263 1969 Per

143 2015 215 2074 haec
242 2019 308 2072 outo
336 2015 485 2072 semestris
516 2015 545 2072 in
576 2013 751 2087 philologiae
791 2021 820 2072 et
850 2014 988 2075 historiae
1021 2015 1115 2074 studia
1147 2015 1263 2074 incubui

143 2123 173 2176 et
196 2117 294 2177 audivi
318 2116 496 2189 professores
519 2118 726 2177 illustrissimos
749 2119 960 2194 Bresslau,
985 2118 1155 2193 Curtius,
1179 2117 1262 2178 Dit-

143 2221 375 2297 teuberger,
398 2221 582 2296 Droysen
605 2227 816 2296 -etpatrem
840 2229 869 2282 et
892 2222 1262 2305 filium—,Dommler‚

141 2326 274 2400 Huym,
312 2326 565 2402 Hertaberg,
597 2327 878 2401 Heydemann,
921 2327 1059 2402 Hiller,
1095 2328 1262 2403 Hilbuer,

142 2429 242 2503 Keil,
264 2427 482 2506 Kirchholi,
509 2431 682 2506 Kramer,
714 2432 893 2508 LepsiuS,
925 2431 1082 2506 liebert,
1106 2433 1261 2507 Thiele,

143 2531 317 2606 Vahlen,
341 2533 508 2611 Zacher,
532 2535 661 2595 Zeller.
818 2537 874 2596 Per
902 2539 959 2597 tria
992 2540 1140 2598 semestria
1163 2553 1261 2611 pruse-

143 2637 259 2696 mirrarii
283 2642 311 2695 et
334 2641 481 2699 seminarii
505 2640 672 2712 philologici
696 2643 949 2702 exercitationibus
971 2640 1098 2702 interlui.

228 2740 386 2802 Praeterea
409 2744 590 2818 Ilruysen,
618 2748 650 2801 ut
672 2746 926 2807 exercItationibus
948 2746 1079 2805 historici
1102 2746 1259 2818 seminarii,

140 2844 393 2923 Heydemaun,
417 2855 449 2907 ut
471 2847 716 2920 archaeologicae,
740 2850 883 2926 Thiale,
906 2857 938 2908 ut
960 2850 1177 2924 philosophicae
1209 2871 1253 2912 so-

140 2950 242 3007 cietati
263 2951 441 3026 interessem,
465 2950 588 3026 bengne
611 2954 812 3024 permiserunt.

233 3053 344 3124 Quibus
363 3054 496 3113 omnibus
517 3057 586 3115 viris
609 3056 785 3132 clarissimIs,
808 3059 856 3132 qui
880 3059 1038 3120 studiorum
1053 3076 1180 3118 meorum
1204 3059 1263 3119 fue·

140 3163 208 3214 runt
230 3159 436 3217 moderatores
459 3166 488 3218 et
509 3162 665 3238 adiutores,
688 3165 798 3236 gratias
821 3181 877 3237 ogo
900 3179 985 3238 quam
1009 3166 1156 3225 maximas.
