2924 4644
1222 219 1242 284 ’5

121 419 382 484 sensibilium
409 414 467 496 (vol
490 413 590 494 FIM).
635 415 716 488 Quod
744 418 803 472 tanr
836 418 1002 485 corruptum
1025 413 1080 486 est,
1111 415 1142 470 ut
1166 411 1240 471 diffi-

121 529 258 588 cillimum
281 525 421 598 videntur,
445 523 639 580 coniecturam
670 517 766 577 faeere
789 518 891 590 plane.
907 516 1095 588 probabilem.
1142 516 1237 589 Quare

120 629 358 705 acquiescendum
391 632 461 699 puto
494 627 522 682 in
546 622 705 697 Ritsehelii,
736 637 819 696 quem
849 623 939 680 seeuti
972 625 1039 678 suut
1060 619 1176 680 Brixins
1208 627 1236 678 et

117 737 284 808 Lorenzins,
313 734 472 804 scriptura:
508 727 571 787 ‘Ibo
602 729 689 803 intro,
721 743 766 802 ue,
790 731 868 786 dum
890 725 1000 800 absum,
1033 725 1089 783 illis
1120 727 1238 784 sortitus

118 839 199 914 luat’,
232 837 307 910 quod
340 838 382 894 ita
405 837 640 909 interpretantur,
673 832 754 905 qnasi
778 830 1039 905 Peripleoomenns‚
1072 831 1119 904 qui
1151 831 1236 890 modo

120 943 192 1002 dixit
213 913 312 1001 omnia
344 943 446 1012 parata
475 953 537 994 osse
566 937 604 994 ad
637 941 767 996 senatum
798 933 979 1017 habendum,
1000 949 1073 1008 quae
1105 933 1239 995 facienda

122 1050 219 1106 essent
241 1046 277 1103 de
300 1044 407 1116 milite,
430 1047 547 1114 metuat,
572 1057 616 1116 ne,
648 1042 671 1098 si
696 1045 858 1115 cunctetur,
881 1038 1051 1115 Palaestrio,
1073 1039 1237 1115 Pleusicles,

116 1149 358 1209 Philocomasium
382 1149 445 1204 sine
466 1147 530 1217 ipso
554 1145 683 1218 singulas
706 1150 803 1216 partes
832 1145 870 1202 sd
892 1145 1012 1204 militem
1036 1145 1236 1217 decipiendum

121 1286 159 1295 —
186 1260 332 1326 tamquam
356 1253 520 1324 provincias
544 1283 584 1291 -
609 1250 767 1308 sortiantur
790 1255 818 1308 et
841 1251 969 1308 intense
992 1249 1129 1310 dividant.

205 1359 271 1417 Non
294 1356 365 1414 mihi
387 1356 490 1429 placet,
513 1355 588 1428 quod
611 1353 786 1412 Ribbeekius
807 1339 944 1416 bouieeit:
966 1352 1021 1410 '‘ne
1115 1355 1230 1414 ultimus

115 1464 187 1522 sorti
209 1460 306 1520 fnam’.
323 1455 348 1536 ¹)
373 1491 414 1500 -

204 1582 283 1641 Idem
306 1581 463 1640 subiectum
485 1583 514 1640 in
546 1587 665 1654 utroque
688 1581 838 1638 enuntiato
860 1583 954 1638 exstet
977 1581 1122 1640 novies:
1151 1578 1236 1641 Trin.

117 1687 178 1744 255
201 1685 275 1746 Mil.
302 1687 362 1744 762
387 1685 515 1744 Pseud.
539 1684 828 1744 68535555817
855 1683 959 1742 'Pruo
982 1683 1004 1756 I,
1032 1686 1107 1757 1,17
1132 1685 1235 1746 Trin.

121 1791 202 1848 1149
227 1787 305 1849 Oet.
331 1790 365 1848 ll.
391 1789 470 1863 6,15
496 1788 601 1846 Pers.
627 1789 689 1846 363
713 1789 812 1848 Asin.
837 1788 907 1847 531.

202 1894 353 1954 Diversum
375 1894 479 1964 legitur
502 1893 644 1954 denies:
669 1893 785 1954 Troo.
802 1892 825 1968 I,
848 1894 876 1967 2,
899 1894 917 1950 9
941 1891 1046 1950 Merr.
1071 1893 1133 1952 348
1154 1892 1235 1952 Mil.

120 1998 160 2056 93
183 1997 221 2056 ib.
246 1997 307 2054 595
332 1999 369 2056 ib.
398 1999 478 2056 1317
507 1996 624 2056 Stich.
651 1998 712 2056 764
736 1996 838 2056 Cure.
862 1996 924 2054 234
947 1995 991 2054 ib.
1016 1996 1078 2054 280
1101 1995 1234 2058 Pseud.

118 2101 177 2166 921
203 2099 283 2159 Aul.
305 2099 354 2173 IV,
379 2102 471 2175 2,.14,

200 2204 377 2262 Partioolem
409 2203 452 2262 bis
472 2205 596 2276 positam
628 2204 788 2262 invenimus
819 2203 924 2261 Troe.
949 2202 972 2277 I,
1007 2205 1077 2274 1,17
1120 2236 1150 2246 —
1186 2203 1234 2264 nbi

113 2308 200 2367 semel
224 2306 341 2366 verbum
365 2307 555 2379 supplendum
578 2305 661 2382 est2)
685 2337 735 2382 -,
760 2307 868 2366 Mero.
893 2307 954 2364 348
971 2337 1012 2348 -
1032 2305 1080 2365 nbi
1103 2307 1142 2366 ad
1162 2309 1233 2366 alte·

114 2429 177 2470 rum
198 2407 282 2472 ‘dum’
306 2413 436 2472 additum
460 2416 504 2470 est
525 2407 657 2472 ‘rursum’
682 2443 734 2486 -,
758 2411 837 2472 Ges,
862 2411 899 2486 Il,
924 2412 994 2486 6,15
1019 2411 1125 2472 (lure.
1162 2414 1232 2474 243,

203 2514 423 2574 Perfectum
439 2520 470 2574 in
483 2516 638 2588 principali
655 2517 852 2575 enuntiatione
865 2520 909 2574 est
925 2521 1076 2588 septem
1097 2518 1127 2584 iu
1146 2518 1232 2578 locis:

202 2619 295 2680 Rud.
320 2621 382 2678 314
405 2620 625 2680 ‘adulescentem
647 2665 702 2695 ...,
726 2619 807 2678 dum
829 2620 876 2680 hie
899 2621 1009 2694 astatis,
1033 2620 1174 2682 vidistisl'
1191 2652 1230 2666 »-

111 2725 268 2789 etiamtum
292 2741 355 2782 enm
385 2725 456 2784 haee
487 2724 577 2783 verba
605 2722 685 2799 fiunt,
718 2720 850 2800 ‘astant’;
875 2757 916 2767 -
938 2725 1046 2784 Poeu.
1070 2724 1092 2799 I,
1117 2726 1145 2800 2,
1171 2727 1229 2785 149

112 2825 213 2886 ‘Dum
235 2832 264 2887 te
288 2833 430 2902 exspecto,
454 2841 546 2902 neque
571 2843 625 2902 ego
647 2842 766 2901 usquam
790 2829 876 2886 aliam
898 2829 970 2886 mihi
993 2830 1093 2902 peravi
1115 2819 1229 2903 oopiem

110 2929 211 3004 Neque
236 2933 309 2990 istuc
327 2947 444 3006 usquam
468 2937 590 3004 apparet
600 2925 615 2992 :¹
639 2931 715 2993 Mil.
742 2933 818 2990 1271
846 2930 944 2990 ‘Dum
966 2938 995 2990 te
1016 2931 1159 3014 obtuetnr,
1185 2936 1228 2992 in·

109 3035 193 3092 terim
226 3034 353 3107 linguam
386 3037 460 3094 oculi
493 3036 720 3109 praeciderunt;’
745 3036 872 3110 Amph.
904 3038 977 3109 prol.
1005 3037 1064 3096 114
1098 3036 1162 3097 ‘nox
1186 3045 1230 3099 est

109 3136 187 3198 laetu
208 3139 332 3214 longior,
358 3139 448 3197 Dum
470 3155 533 3199 eum
557 3139 608 3199 illa
631 3186 679 3200 ...
701 3139 877 3212 voluptatem
906 3133 1012 3213 eupit-J
1034 3139 1139 3202 Pers.
1165 3143 1226 3201 448

111 3239 281 3302 ‘dumetae
313 3243 438 3302 reditum
461 3245 612 3319 oportuit;’
636 3245 714 3305 Triu.
739 3245 780 3303 30
803 3243 889 3319 Epid.
916 3245 987 3304 569.

111 3406 135 3471 l)
153 3404 291 3460 Notionem
310 3409 408 3462 multae
431 3409 569 3464 tenendam
593 3427 648 3463 esse
670 3413 697 3464 et
714 3411 882 3479 cogitandum
904 3411 936 3466 de
959 3411 1043 3466 multa
1060 3412 1221 3466 senatoribus

151 3494 196 3562 qni
214 3494 248 3547 ad
267 3498 385 3550 senatum
402 3497 488 3550 vocati
506 3515 558 3551 non
577 3497 791 3567 obsequebantur,
810 3499 944 3566 solvenda,
964 3502 994 3554 nt
1014 3500 1042 3554 iu
1060 3499 1226 3554 adnotatione

148 3583 284 3652 proposuit
301 3583 451 3650 Lorenzius,
470 3601 522 3638 non
539 3587 621 3654 pute,
640 3601 699 3638 oum
719 3587 771 3653 ite,
789 3586 852 3656 qnid
869 3585 935 3639 illud
953 3587 1076 3641 ‘sortitum'
1096 3587 1145 3639 sibi
1163 3587 1226 3640 velit

148 3686 199 3721 non
218 3673 347 3740 appareat.
367 3669 424 3723 Hoo
435 3671 521 3742 potins
539 3672 648 3739 eogitari
665 3689 740 3742 posse
752 3674 876 3738 existimo,
886 3673 1018 3743 irrepsisse
1046 3673 1119 3726 illam
1137 3691 1224 3728 voeem

150 3755 272 3822 ‘mutae
292 3757 374 3810 etita
391 3755 463 3811 alind
482 3759 634 3812 vocabulum
651 3759 786 3828 interiisse,
805 3761 876 3815 velut
893 3762 1011 3831 ‘expers'‚
1030 3759 1120 3814 utlaio
1137 3779 1226 3816 verens

149 3841 307 3897 efficeretur:
326 3845 380 3898 ‘Ibo
397 3847 476 3912 intro,
494 3863 534 3913 ue,
553 3846 615 3901 dum
633 3848 732 3912 absum,
752 3849 858 3918 [expers]
878 3849 985 3902 sortitus
1002 3848 1090 3902 luem.³
1111 3849 1224 3919 ‘Expers'

147 3930 266 3985 vocabuli
285 3932 401 4001 exemplu
420 3935 524 3986 exstant
534 3932 630 4003 Amph.
650 3937 700 3990 170
719 3936 810 4006 ‘operis
828 3938 855 3989 et
867 3936 1087 4006 laboriessexpers'3
1100 3936 1225 3989 Pseud’

149 4017 208 4083 439,
227 4017 259 4072 el.
279 4017 344 4072 Ter.
362 4018 459 4072 Heent.
478 4021 536 4074 652.

102 4106 129 4157 Pi
148 4103 180 4157 of.
197 4103 226 4158 L.
244 4103 359 4159 Afren.
385 4102 434 4174 frg.
463 4105 515 4161 372
533 4107 674 4176 (Ribneolz
700 4107 792 4178 fragm.
809 4113 888 4177 trogi
907 4107 984 4162 ‘Dnnr
1003 4127 1042 4164 me
1062 4111 1216 4178 morigerum

146 4191 226 4246 dum
242 4207 373 4248 morosam
389 4193 507 4262 praebeo,
526 4193 617 4250 deinde
638 4237 643 4252 .
664 4241 670 4251 .
689 4197 695 4218 ’
1014 4188 1019 4210 ¹
