2924 4644
1203 267 1223 330 9

193 440 287 515 Atque
323 456 385 498 oum
409 440 511 499 horum
535 445 656 515 utroque
680 439 758 499 ‘edit'
780 439 935 500 tenendum
959 447 1037 517 puto,
1062 443 1137 516 quod
1160 459 1223 502 uer·

110 546 172 603 bum
196 546 266 603 ilem
289 546 433 604 iuvenitur
456 545 571 605 Most.
597 547 668 618 698,
700 545 747 604 ubi
770 561 868 603 omnies
896 545 961 604 libri
995 562 1058 604 cunr
1082 553 1108 605 A
1140 562 1222 620 prae-

110 648 192 708 bent:
216 646 259 706 ‘ex
283 648 401 707 aedibus
424 663 469 706 me
492 647 569 706 edidi
591 643 688 707 loras'.

195 753 254 810 laun
277 769 339 811 oum
363 751 462 810 Brixia
485 753 525 809 sio
548 752 654 812 scribo:

194 854 277 914 ‘lirim
301 873 355 928 ego
388 859 416 913 io
440 855 542 928 tegulis
565 873 635 929 sum,
664 857 747 915 illaec
764 852 789 934 ¹)
818 872 868 914 suo
893 873 923 914 se
946 857 980 914 dx
1012 858 1138 932 hospitio
1162 855 1223 918 edit

109 955 200 1019 ionas'.
224 992 265 1000 -
1111 1027 1113 1034 ,

193 1063 311 1121 lluobus
332 1065 402 1122 locis
418 1064 474 1123 duo
494 1067 523 1122 in
540 1063 693 1137 principali
717 1063 865 1122 erruutiato
889 1064 1055 1136 praedicata
1076 1067 1224 1124 inueniun-

107 1173 162 1241 tur,
185 1183 304 1240 quorum
327 1168 448 1226 alterurn
493 1167 660 1242 perfeetum,
683 1169 803 1225 atterum
827 1181 963 1241 praesens
987 1169 1153 1228 historicum
1176 1187 1224 1228 eu-

109 1270 204 1332 hibet:
226 1271 337 1332 Moro.
363 1273 402 1330 97
427 1270 454 1329 ‘d
468 1288 521 1329 um
545 1275 573 1330 iu
598 1278 681 1344 porta
699 1273 739 1329 illi
764 1272 888 1349 ambulo,
905 1272 1018 1346 Hospes
1041 1250 1224 1347 me'quidum

109 1375 296 1451 adgnovit,
320 1377 357 1434 ad
381 1392 479 1434 cenam
503 1371 681 1453 vorat3'2)

193 1481 280 1541 Meu.
311 1482 372 1538 449
407 1479 469 1552 ‘ego
500 1482 577 1539 dum
609 1481 696 1552 hieto,
719 1479 926 1538 Menaechmus
949 1498 979 1538 se
1012 1481 1226 1543 subterduxit

108 1584 176 1641 mihi
212 1585 306 1658 Atque
338 1584 419 1643 abit
442 1585 478 1644 ad
510 1577 641 1644 amioum’
672 1615 712 1625 -κ
746 1583 812 1643 Nou
835 1586 927 1661 video,
959 1603 1009 1644 our
1039 1602 1101 1645 oum
1126 1587 1225 1648 Briuio

110 1692 138 1744 et
153 1685 289 1760 Ussingio
311 1707 329 1746 a
352 1691 495 1760 scriptura
522 1687 602 1748 ‘abit'
625 1689 753 1747 codicum
777 1685 837 1746 BD
860 1691 1032 1748 auctoritate
1055 1689 1226 1754 confirmatu

108 1790 294 1867 discedamus,
323 1792 458 1852 sedeam
488 1810 550 1852 cum
574 1793 731 1853 Ritsohelio
766 1792 919 1852 mnerrdam
951 1794 1085 1854 arbitror.
1117 1793 1225 1867 ‘Abiit',

106 1895 181 1967 quod
204 1894 246 1954 illi
269 1903 448 1972 receperunt,
471 1902 565 1956 exstat
587 1897 616 1955 in
640 1897 705 1971 FZ,
728 1895 750 1956 O
773 1895 861 1954 habet
883 1895 980 1958 ‘abiit'.
1005 1931 1046 1941 -

192 2003 352 2075 Sequuntur
373 2004 512 2075 exempla,
534 2004 565 2060 in
588 2017 708 2074 quorum
730 2001 879 2072 primariis
901 1980 1146 2062 enuntiationibus
1178 2021 1225 2063 ex·

68 2153 71 2162 ,
107 2111 164 2164 stet
178 2093 343 2178 ¹perfeetum
357 2101 402 2181 ll:
427 2106 524 2164 Trio.
544 2106 605 2164 839
629 2103 710 2164 ‘satis
733 2112 847 2177 parumn
870 2105 972 2182 babeo,
982 2107 1089 2179 Quibus
1112 2124 1224 2168 aarum·

106 2211 150 2267 uis
174 2207 325 2284 deluctuvi,
350 2207 408 2268 filio
432 2209 511 2270 dum
544 2209 660 2268 divitias
681 2207 812 2284 quaero’,
835 2209 965 2270 Pseud.
1001 2212 1082 2271 1279
1106 2213 1224 2274 Stirh.

23 2389 26 2394 Ι
106 2316 167 2373 366
190 2312 275 2373 Rud.
298 2315 371 2386 prol.
397 2315 436 2374 37
461 2315 561 2374 Oura.
585 2315 648 2372 410
671 2313 780 2374 Poen.
804 2313 839 2388 V,
862 2313 894 2389 5,
912 2315 952 2375 38
976 2313 1054 2376 Ges.
1078 2317 1129 2392 Ill,
1156 2321 1184 2396 3,
1206 2320 1223 2374 5

105 2420 143 2478 ib
167 2418 201 2493 V,
228 2421 258 2492 4,
283 2420 319 2492 7,
340 2403 464 2491 1111111.ι
479 2419 541 2477 650
564 2451 606 2459 —-
632 2419 661 2477 ln
684 2417 708 2476 B
732 2419 773 2476 sio
796 2423 903 2480 exstet:
926 2417 1034 2492 ‘Quidi
1061 2436 1114 2495 ego
1143 2422 1227 2480 modo

107 2525 172 2580 lruic
206 2521 295 2580 irater
327 2521 436 2595 iactus,
464 2523 531 2580 dum
563 2525 643 2581 intro
676 2539 710 2580 eo
743 2528 830 2596 etque
862 2523 954 2583 exeo?
999 2522 1032 2582 ln
1060 2525 1128 2585 JFZ
1151 2527 1227 2584 inter

108 2626 195 2699 ,dum’
218 2632 248 2684 et
270 2624 364 2685 ‘intro’
388 2625 458 2698 ‘ego'
480 2629 584 2685 iterum
607 2628 732 2700 positum
756 2633 806 2686 est.
846 2628 942 2703 Atque
964 2628 994 2687 in
1022 2630 1119 2702 priore
1143 2637 1225 2702 porte

108 2829 134 2892 1)
154 2828 222 2882 ‘illae
239 2828 319 2896 haeo',
339 2827 408 2897 quod
425 2827 491 2881 oodd
515 2827 646 2898 praebent,
670 2844 700 2880 ex
718 2827 811 2881 ‘illaec'
830 2829 979 2896 eonuptum
1000 2831 1054 2880 est.
1090 2829 1227 2899 Perpetem

56 2979 59 2986 Δ
144 2913 269 2984 Buggius,
288 2915 333 2987 qui
350 2915 420 2970 huno
438 2916 523 2970 locum
540 2917 663 2968 1111111111
676 2946 706 2953 --
717 2915 809 2968 Philol.
828 2929 876 2968 xxx
893 2932 919 2985 p.
939 2915 989 2967 639
1003 2916 1080 2983 -‚in
1098 2917 1161 2970 ‘heo'
1188 2919 1226 2972 vel

144 3001 313 3056 ‘haeo'latere
330 3006 416 3057 monet
434 3001 574 3070 ‘ex’.Qu0d
593 3002 667 3055 affert
684 3001 713 3054 Μ
719 3001 755 3056 il.
770 3001 836 3055 1338
853 3017 900 3071 pro
918 3001 1036 3055 ‘ecferte'
1055 3007 1154 3058 exstare
1173 3005 1228 3058 ‘heo

144 3087 216 3142 ferte*
235 3091 263 3142 in
281 3089 338 3156 BD,
355 3091 426 3144 ‘haec
444 3089 519 3143 ferte'
538 3089 564 3142 in
575 3088 661 3156 C,hoc
679 3087 776 3141 nullius
785 3088 907 3142 momenti
923 3092 975 3143 est:
1000 3088 1068 3142 Nam
1086 3090 1141 3143 sola
1158 3107 1229 3160 prae-

142 3177 237 3245 positio
256 3177 301 3231 ‘eu'
319 3176 521 3243 inllostellarie,
541 3191 617 3246 quam
636 3175 743 3244 exempli
762 3191 840 3229 causa
857 3176 1004 3246 perquisivi,
1014 3175 1082 3229 hano
1099 3181 1228 3248 eorrupte-

142 3263 195 3318 lam
212 3281 346 3334 nunquam
364 3279 441 3334 passa
458 3267 505 3318 est.
542 3262 633 3332 Neque
651 3264 679 3315 in
696 3262 729 3315 iis
748 3262 903 3332 compositis,
921 3263 949 3314 in
968 3262 1061 3331 quibus
1077 3263 1135 3332 ipso
1148 3263 1230 3318 forma

142 3352 198 3418 ‘ex',
213 3368 265 3406 non
282 3354 335 3418 ‘eo',
354 3351 459 3404 verbum
477 3350 619 3416 antecedit,
638 3351 701 3419 quot
719 3348 822 3418 quidem
839 3349 867 3402 in
875 3349 1035 3402 Mostellaria
1048 3352 1158 3415 exstant,
1177 3369 1230 3404 um·

142 3454 221 3506 quam
239 3455 294 3494 eam
316 3438 487 3508 corruptelam
511 3437 609 3490 factem
635 3453 690 3489 osse
706 3437 801 3491 inveni.
847 3435 943 3490 Contra
960 3438 987 3490 iu
1007 3437 1154 3506 compositis
1173 3454 1231 3490 oum

144 3525 245 3592 syllaba
261 3525 314 3592 ‘eo',
333 3541 411 3595 quam
429 3523 554 3579 habemus
571 3523 616 3576 illo
634 3523 689 3576 loco
707 3523 835 3591 aBuggio
854 3522 932 3576 allato
950 3524 977 3576 in
996 3523 1112 3589 ‘eoierte',
1131 3527 1232 3593 saepius

141 3613 170 3665 in
192 3613 265 3666 libris
285 3629 331 3682 pro
350 3612 397 3666 illa
414 3612 476 3665 ‘heo'
496 3611 536 3665 vel
554 3610 649 3663 similia
665 3611 835 3664 inveniuntur
851 3613 882 3664 ut
900 3610 1070 3675 11011990,
1083 3611 1145 3674 906;
1158 3612 1232 3666 1190.

177 3697 259 3752 immo
278 3699 333 3766 ‘ex'‚
353 3699 421 3768 quod
439 3697 619 3752 usuPluutino
637 3697 751 3764 flagitari
767 3698 831 3764 iure,
851 3700 881 3750 ut
898 3697 996 3768 opinor,
1015 3699 1103 3750 monet
1116 3697 1234 3750 1111111111,μ

141 3785 194 3838 lius
214 3817 243 3826 -
263 3784 341 3855 praef.
361 3785 394 3839 ad
416 3785 442 3840 h,
460 3784 478 3839 f.
496 3802 518 3854 p.
540 3800 640 3850 savum,
659 3783 783 3838 excidisse
801 3785 921 3839 arbitror.

106 3875 134 3934 91
154 3870 207 3924 vid.
226 3870 387 3940 Draeger,
405 3872 423 3925 1.
443 3889 463 3925 a.
481 3872 496 3926 I
513 3889 540 3941 p.
559 3871 619 3926 aul.

106 3961 134 4024 9)
153 3956 535 4027 Plusquamperieotum
560 3956 587 4009 in
605 3955 742 4025 principali
769 3957 902 4010 enuntiato
921 3959 1007 4010 emtut
1024 3958 1130 4027 exempli
1155 3976 1233 4012 rausa

144 4043 219 4096 Eun.
238 4060 299 4096 ann,
318 4043 365 4110 XI,
385 4047 435 4098 3611
454 4043 590 4109 (Vahlenlz
610 4043 749 4113 ‘Missaque
774 4060 820 4114 per
845 4045 935 4113 peetus
952 4042 1025 4096 dum
1054 4045 1157 4110 transit,
1177 4047 1235 4099 stri-

143 4129 240 4183 derat
257 4131 357 4198 hasta';
376 4129 605 4201 imperfectum
623 4129 690 4182 Ter.
710 4129 775 4183 Heo.
796 4130 860 4185 802:
879 4129 989 4200 ‘ineptus
1007 4131 1083 4183 hodio
1102 4131 1177 4184 dum
1197 4133 1234 4184 illi

143 4215 228 4284 sedeo,
244 4220 275 4270 ut
292 4219 400 4288 quisque
418 4219 530 4284 venerat,
548 4217 631 4272 aooed
641 4218 739 4270 ebam.
