2924 4644
1254 173 1304 249 276

178 358 339 430 complures
361 359 390 414 et
422 353 593 414 antecedere
616 358 647 412 et
678 353 790 425 insequi
822 353 1031 412 coniunctivos.
1055 383 1098 393 —
1142 336 1202 410 Hie
1217 343 1296 412 *han‘o

178 463 267 522 solam
299 466 369 533 puto
404 475 466 518 esse
505 458 678 518 coniunctivi
715 457 953 530 explicationem,
985 462 1017 514 ut
1057 473 1091 514 ex
1123 457 1294 516 attractione

175 566 299 640 quadam
329 563 478 624 modorum
501 567 659 637 repetatur.
1022 561 1056 618 ln
1079 567 1216 634 quattuor
1237 562 1295 620 illis

177 671 258 744 loeis,
287 685 357 743 quos
389 669 501 742 priores
533 669 623 741 posui,
657 665 870 725 coniunctivum
906 665 986 723 verbi
1019 664 1133 724 ‘vivere'
1163 667 1293 740 legimns.

176 774 269 848 Atque
292 789 398 846 operae
430 775 553 844 pretium
576 773 613 829 sit
636 771 708 829 haec
730 770 860 842 exempla
883 784 1051 842 comparare
1073 787 1136 828 cum
1158 771 1211 846 iis,
1246 771 1294 830 ubi

176 877 358 935 futurum
381 876 507 934 eiusdem
530 875 726 938 uerbiexstat,
750 906 787 913 „
815 873 953 932 Pseud.
978 873 1040 931 507
1051 871 1215 948 ‘Nunquam

177 983 329 1054 quoiquam
353 979 528 1055 supplicabo,
552 979 620 1037 dum
644 976 759 1052 quidem
782 978 903 1036 tuviuos
926 977 1031 1050 vives’;
1053 977 1100 1038 ib.
1124 981 1184 1037 339
1207 980 1293 1040 Rud.

176 1085 238 1146 558
262 1101 325 1158 -;
348 1083 433 1145 facile
456 1083 636 1155 intelligitur,
659 1098 794 1154 magnam
817 1081 892 1138 inter
916 1085 1066 1154 utrumque
1089 1098 1179 1154 genus
1204 1086 1292 1141 inten-

174 1206 235 1247 esse
266 1189 468 1248 differentiam.
522 1187 597 1245 Nam
627 1203 691 1244 cum
722 1187 753 1243 in
776 1185 820 1242 his
844 1185 1016 1244 secundaria
1038 1189 1199 1247 enuntiatio
1222 1192 1293 1248 mul-

173 1300 232 1352 tum
266 1292 360 1351 valeat
387 1297 416 1348 et
450 1308 513 1349 curn
542 1289 696 1362 principali
728 1289 872 1346 artissime
906 1289 1071 1366 cohaereat,
1094 1293 1136 1350 ita
1160 1298 1190 1350 nt
1213 1295 1293 1371 haec,

175 1395 213 1455 ad
236 1397 436 1454 huncscnsum
460 1394 650 1466 efficiendum,
674 1393 736 1450 sine
759 1394 810 1452 illa
832 1397 957 1468 cogitari
981 1412 1037 1454 uon
1060 1398 1159 1470 possit,
1183 1401 1212 1456 in
1237 1399 1292 1457 illis

176 1505 278 1558 contra
301 1500 459 1572 temporale
487 1500 668 1557 enuntiatum
691 1497 920 1556 additamentum
942 1505 986 1558 est
1008 1500 1124 1559 levioris
1147 1505 1292 1575 momenti,

174 1604 250 1677 quod
272 1606 334 1662 sine
365 1591 471 1676 magno
494 1603 668 1663 detrimento
691 1601 735 1658 vel
759 1603 866 1674 rregligi
889 1604 933 1661 vel
956 1621 1013 1661 una
1035 1607 1137 1672 vocula
1159 1603 1291 1680 ‘semper’

171 1710 352 1780 compensari
376 1708 475 1781 possit.
522 1706 561 1767 Ut
584 1707 676 1778 primo
698 1707 762 1764 loeo
799 1737 821 1744 -·
850 1707 934 1766 Rud.
958 1709 1020 1766 499
1047 1739 1083 1750 -ν
1110 1707 1186 1768 ‘dum
1205 1707 1291 1771 vivat’

169 1814 193 1871 si
226 1814 347 1887 deesset,
377 1813 449 1872 nihil
473 1811 697 1872 desideraretur.
743 1813 815 1870 Item
840 1813 940 1871 Pers.
965 1814 1027 1871 494
1051 1819 1081 1872 et
1104 1815 1204 1874 Cure.
1229 1819 1292 1875 664

171 1914 311 1990 ‘semper’,
340 1918 415 1991 quod
444 1918 537 1978 altero
560 1919 623 1975 loco
646 1917 683 1974 ad
708 1909 745 1976 'd.
770 1910 857 1974 vivat’
882 1917 1063 1977 abundanter
1085 1918 1215 1977 additum
1238 1926 1291 1995 est,

170 2022 294 2080 cundem
317 2021 377 2080 lere
401 2038 514 2080 sensum
538 2017 720 2097 efficeret1).

257 2141 341 2200 Hanc
367 2143 462 2215 ipsam
485 2142 522 2201 ob
545 2158 678 2216 causam,
708 2146 911 2214 praeterquam
939 2142 1014 2215 quod
1037 2143 1107 2200 illud
1131 2145 1291 2215 exemplum

170 2247 287 2310 omniuo
310 2248 486 2306 simillimum
509 2252 554 2305 est
585 2247 722 2319 exemplis
746 2248 986 2322 commemoratis,
1009 2247 1039 2305 in
1062 2247 1127 2305 loco
1143 2245 1164 2305 6
1180 2264 1228 2306 as.
1254 2249 1289 2321 ll,

170 2353 199 2422 8,
223 2353 264 2410 30
289 2383 328 2392 -
352 2351 402 2411 ‘Ut
424 2351 487 2425 tibi,
509 2351 592 2410 dum
612 2353 715 2426 vivam,
738 2351 811 2410 bene
830 2351 914 2410 velim
937 2365 961 2411 c.
985 2367 1032 2424 qu.
1056 2345 1087 2409 s.'
1114 2383 1151 2392 -
1175 2347 1289 2410 ‘vivam'

171 2469 224 2526 pro
247 2457 429 2515 coniunctim
451 2455 619 2514 sumendum
642 2456 750 2528 putavi.

666 2679 800 2751 (lapv
1089 2747 1092 2754 ,

170 2793 233 2856 lle
260 2792 390 2858 ‘dum'
421 2797 645 2878 particula
677 2814 778 2861 oum
811 2759 1093 2861 eomlrrnotlvo
1125 2799 1288 2880 imper·

249 2916 358 2980 fecti
381 2918 472 2980 slve
495 2918 929 2999 plusquamperfect!
952 2920 1202 2983 coniuncta.

256 3072 500 3146 Imperleoti
533 3076 709 3135 coniunctiui
731 3076 862 3150 exempla
900 3081 1014 3136 exstant
1041 3080 1157 3137 omnino
1188 3084 1287 3138 octo.

171 3175 281 3238 labie.

259 3301 286 3358 1.
321 3297 524 3394 conslilium
556 3298 742 3361 subauditur:
771 3301 894 3360 Pseud.
912 3303 1011 3362 *1282
1033 3302 1122 3381 ss’lnde
1145 3303 1200 3362 hnc
1222 3304 1315 3394 exiit

168 3402 316 3472 crapulam
348 3403 429 3462 dum
461 3403 647 3476 amoverem,
678 3404 710 3462 M
718 3407 755 3465 il.
779 3406 842 3464 869
867 3403 1078 3466 ‘subcustodem
1102 3453 1108 3464 .
1134 3454 1140 3466 .
1165 3449 1173 3465 .
1196 3407 1288 3467 Foras

168 3505 323 3580 ablegavit,
348 3506 425 3565 dum
447 3506 485 3565 ab
508 3523 539 3566 se
561 3508 616 3566 huo
639 3509 805 3582 transiret‘;
827 3510 874 3568 ib.
893 3511 956 3569 950
972 3510 1045 3570 ‘misi
1060 3515 1218 3584 parasitum
1236 3561 1243 3574 .
1262 3555 1287 3584 .,

168 3607 209 3666 Ut
224 3609 351 3669 latrones
375 3657 381 3670 .
406 3658 412 3672 .
434 3612 472 3672 ad
497 3611 646 3672 Seleucum
669 3613 795 3690 duceret,
819 3613 873 3685 Qut
899 3616 959 3674 eius
982 3632 1102 3688 regnum
1115 3623 1287 3694 tutarentur,

168 3712 239 3769 rrrilni
262 3713 345 3772 dum
368 3713 451 3774 fieret
472 3716 580 3775 otium’

255 3816 366 3874 Deinde
389 3825 455 3878 suut
478 3820 544 3896 dno,
567 3823 596 3880 in
621 3822 732 3896 quibus

254 3937 283 3998 2.
316 3944 544 4013 exspectatio
568 3944 708 4016 quaedam
730 3947 842 4007 subest:
871 3947 983 4008 Trnc.
1008 3945 1057 4023 ll',
1082 3949 1110 4024 3,
1135 3950 1174 4010 69
1200 3949 1286 4010 ‘haud

166 4072 367 4086 ———-———l

167 4142 191 4193 ll
213 4141 244 4195 cf,
263 4142 331 4196 Ter.
351 4143 445 4198 Heaut.
463 4144 522 4198 951.
542 4144 593 4201 Ad.
612 4147 673 4202 det.
692 4147 797 4202 Phorm.
818 4147 893 4202 1030.
