2924 4644
1190 237 1228 297 17

111 416 187 475 Nam
210 413 275 472 ‘um'
298 412 408 488 syllaba
430 410 544 471 facilius
574 411 703 483 irrepere
726 411 820 481 potnit
841 413 959 483 propter
990 425 1110 485 sequens
1143 405 1228 467 ‘dnm'

113 536 197 592 quarn
221 513 265 580 ‘o’.
292 550 330 557 -
537 515 619 588 Oapt.
644 515 705 572 925
724 512 809 586 ‘Quas
833 513 1001 591 (miserias),
1025 516 1108 575 dum
1130 520 1159 573 te
1182 532 1230 572 ea·

111 624 231 682 rendum
254 621 301 680 hic
323 612 602 694 luit,sustentabam'
614 651 651 660 -
664 619 710 677 lta
733 635 766 675 ex
778 619 901 677 Acidalii
926 619 1092 678 coniectura
1107 620 1229 691 scripse·

111 734 179 785 runt
200 727 374 784 recentiores
395 726 537 798 editores;
561 723 643 783 codd.
669 723 824 795 praebent:
849 721 938 795 ‘Quae
961 723 1056 782 adhuc
1078 728 1107 782 te
1129 739 1230 781 carens

112 831 178 888 dum
202 831 248 888 bio
275 825 334 904 fui’,
358 845 392 887 ex
416 826 532 902 quibus·
551 833 580 885 et
603 821 695 901 ‘quae’
720 872 727 900 ,
751 827 826 900 qnod
858 826 895 885 ad
919 821 1061 886 ‘miseriis’
1093 827 1229 900 pertinet,

112 940 141 990 et
163 935 273 994 ‘carens
300 933 351 991 fui‘
376 931 637 992 marimeoffenclit.
662 964 700 973 ·-
726 931 858 991 Ceterum
881 931 1011 990 Holtnius
1035 963 1074 973 -
1098 933 1116 991 l.
1141 949 1165 990 c.
1194 931 1231 1006 ll,

114 1056 140 1110 p.
168 1041 224 1096 127
250 1069 290 1078 .„
313 1037 359 1096 hic
381 1040 528 1096 notionem
559 1027 736 1116 „tefibtettb”
762 1036 877 1094 subesse
904 1036 1069 1110 contendit,
1092 1035 1232 1095 scribon

114 1144 177 1201 vult
198 1143 307 1214 Hegio:
339 1140 537 1214 ‘Quamdiu
559 1146 591 1198 tu
614 1141 691 1213 apud
715 1139 811 1198 hostes
833 1138 922 1215 fuisti,
945 1140 1086 1200 tamdiu
1110 1157 1229 1213 magnas

114 1247 244 1306 miserias
267 1246 334 1324 tuli,
357 1247 408 1304 sod
439 1262 523 1322 nunc,
547 1261 611 1303 cum
644 1250 675 1302 tu
698 1243 736 1304 ad
760 1261 812 1302 nos
835 1244 964 1319 redieris,
988 1242 1091 1318 “quom
1115 1240 1175 1323 (dl)
1199 1254 1227 1304 te

114 1351 246 1410 reducem
269 1356 319 1408 tuo
343 1351 420 1422 patri
443 1346 659 1425 reddiderunt“,
682 1349 738 1408 illis
762 1349 886 1408 miseriis
909 1348 1048 1408 liberatus
1071 1343 1154 1409 sum'.
1194 1381 1232 1392 ·-

202 1489 304 1548 Troe.
328 1487 366 1562 ll,
389 1489 419 1560 4,
444 1489 483 1546 29
506 1485 671 1559 ‘tempestas
695 1487 838 1560 quondam
860 1487 945 1545 dnm
968 1487 1026 1545 vixi
1058 1486 1121 1563 fnit,
1144 1488 1234 1562 Quom

11 1619 12 1640 r
117 1597 193 1652 iuter
220 1609 273 1650 nos
306 1585 500 1650 sordebamus
535 1624 575 1634 -—
604 1591 651 1650 Sic
683 1592 784 1650 scribit
812 1591 981 1663 Spengelius
1012 1593 1234 1652 Ambrosianum

11 1723 12 1736 κ
117 1702 241 1769 secutus,
266 1698 313 1769 qni
336 1695 467 1758 exhibet:
491 1694 643 1770 ‘quondam
666 1695 733 1754 dum
757 1696 842 1753 vivixi
865 1688 939 1755 luit'

203 1835 242 1894 Et
265 1835 336 1893 haec
359 1834 709 1908 scripturaAmbrosiano
731 1834 931 1894 commendata
953 1835 1078 1894 tenenda
1100 1835 1170 1896 mihi
1194 1838 1235 1896 vi·

118 1941 211 2014 detur,
244 1955 414 2013 quamquam
439 1944 505 1997 sunt
537 1939 637 2013 quiin
672 1955 705 1997 ea
728 1937 909 2014 offenderint,
940 1944 971 1996 ut
994 1939 1161 2016 Schoellius,
1190 1943 1237 2014 qui

117 2043 194 2101 ‘dnm
218 2035 283 2099 vixi'
309 2059 361 2114 pro
384 2057 473 2114 pravo
497 2044 754 2115 interpretamento
777 2044 821 2100 vel
852 2044 1048 2116 supplemento
1070 2044 1233 2104 habendum

117 2163 179 2205 esse
202 2153 299 2204 monet
321 2146 477 2221 scribitque
500 2147 621 2219 exempli
644 2147 752 2218 gratia:
775 2145 891 2205 ‘Verum
923 2153 1020 2222 temp,
1045 2149 1121 2208 vita
1152 2124 1236 2223 mea,

117 2251 261 2324 quondam
292 2243 366 2310 fnit’.
395 2250 484 2309 -B
509 2250 590 2324 OD,
624 2252 670 2324 qui
703 2251 825 2311 habeut:
858 2253 975 2310 memini
997 2253 1140 2326 quondam
1171 2247 1236 2314 fuit’

116 2355 206 2414 secuti
232 2356 412 2426 scripserunt
443 2354 637 2416 Camerarius:
671 2353 795 2415 ‘memini
818 2371 882 2414 cnm
905 2351 1069 2432 quondam’,
1101 2356 1238 2430 Bothius,

116 2459 245 2518 ‘memini
267 2459 343 2517 enim
366 2458 529 2539 quondam‘,
553 2460 602 2519 alii
626 2460 693 2518 alia.
717 2491 758 2502 —

205 2595 269 2657 Mil.
297 2597 378 2655 1409
402 2596 550 2673 ‘Loquere
573 2599 654 2656 dum
687 2599 849 2658 nonnihili
877 2594 980 2659 factus'
1008 2632 1043 2642 -
1070 2599 1147 2660 ‘dum
1171 2594 1238 2662 non?

121 2717 177 2775 pro
208 2699 452 2776 ‘nondum’,quod
474 2702 541 2760 libri
564 2702 709 2777 exhibent,
731 2703 791 2760 sine
814 2703 989 2763 dnbioreote
1011 2705 1174 2764 restitutum
1196 2711 1241 2766 est

119 2823 138 2863 a
160 2803 380 2871 recentioribus.

205 2943 338 3004 Ceterum
359 2942 406 3002 hic
437 2942 532 3004 forma
554 2947 645 3005 solum
669 2942 826 3019 perfectum
849 2950 958 3026 exstet,
982 2963 1014 3007 re
1046 2965 1116 3008 vera
1138 2946 1241 3010 ‘factus

118 3041 159 3108 es'
182 3047 260 3108 idern
283 3046 360 3106 valet
379 3063 413 3106 ae
436 3048 557 3122 simplex
579 3043 637 3110 ‘es².

205 3189 239 3244 ln
262 3186 406 3259 plerisque
428 3188 567 3260 exemplis
591 3189 763 3262 primarium
796 3190 975 3249 enuntiatum
1006 3190 1099 3263 ipsum
1130 3210 1242 3269 qnoque

120 3290 330 3364 perlectum
354 3290 538 3362 praebet-
561 3293 680 3354 Mero.
706 3296 767 3354 373
801 3309 834 3352 ex
857 3292 1046 3354 antecedente
1079 3297 1242 3372 interroga-

121 3398 201 3455 tione
222 3394 340 3468 ‘usqnen
364 3389 508 3455 valuisti?²
533 3391 629 3456 ‘valui'
652 3396 746 3457 forma
769 3398 929 3470 supplenda
951 3403 1005 3460 est.

208 3499 329 3571 Amph.
364 3501 424 3560 638
459 3499 538 3560 ‘data
559 3501 611 3560 est’
644 3502 764 3562 eandem
793 3501 853 3562 fere
875 3503 997 3576 praebet
1020 3506 1076 3562 vim
1103 3523 1137 3564 ac
1161 3502 1243 3570 ‘fuit⁷.

326 3639 377 3697 Bis
399 3641 430 3697 in
452 3655 486 3699 eo
509 3637 647 3700 habemus
668 3640 959 3716 imperfectum:
982 3642 1085 3706 Trnc.
1108 3645 1144 3719 ll,
1168 3649 1241 3722 4,3e

11 3827 12 3832 γ
123 3748 153 3802 et
177 3741 279 3814 Oapt.
304 3744 377 3803 925.

211 3881 313 3939 Restat
334 3897 443 3940 unum
466 3882 550 3942 huius
579 3883 705 3941 notionis
729 3887 897 3961 exemplum,
921 3888 968 3946 ubi
988 3885 1244 3960 imperfectum

125 3991 234 4046 exstat:
280 3983 385 4046 Truc.
408 3987 432 4060 l,
456 3988 484 4061 2,
508 3989 548 4046 63
573 3986 624 4044 ‘Te
647 3987 732 4046 dum
749 3983 772 4068 ¹)
795 3991 921 4066 vivebas,
946 3992 1100 4053 noveram’.

178 4125 201 4130 ...
209 4125 272 4131 -..--
278 4127 330 4134 «-

11 4247 12 4252 ¹
126 4189 153 4254 1)
175 4187 207 4244 cl.
225 4188 292 4245 Ter.
311 4189 395 4244 Andr.
416 4188 468 4258 543
486 4190 554 4244 Eun.
576 4185 634 4242 728.

1029 4297 1046 4351 3
