2924 4644
196 447 309 492 sensnm
331 449 390 494 una
411 449 474 493 oum
498 435 618 508 propria
641 437 757 496 notione
780 435 902 510 praebet
922 435 1035 496 Most.
1060 436 1121 496 815
1146 434 1194 496 ‘nil
1218 451 1313 498 moror

195 530 358 598 ductarier’.
1011 591 1012 596 ,

237 669 256 726 Ι·
282 639 316 700 Iu
340 641 384 702 his
407 643 544 716 exemplis
566 642 698 704 omuibus
730 643 897 718 principalis
927 643 992 717 ipsa
1012 660 1123 718 quoque
1153 647 1311 705 enuntiatio

194 747 425 816 praesentis
448 751 492 806 est
514 749 659 822 temporis.

488 851 536 910 Ad
558 849 733 912 futurum
757 867 791 912 ea
814 851 941 926 pertinet
969 851 1138 926 exhibetque

280 950 294 1010 f
301 954 412 1012 nturi
436 955 525 1028 ipsius
547 954 687 1016 formem:
733 955 810 1016 Ani.
835 955 893 1031 lv,
918 958 946 1029 2,
971 957 1009 1014 14
1033 955 1246 1030 ‚perscrutabor
1268 954 1310 1012 f-

194 1071 270 1133 num,
305 1058 328 1116 si
351 1059 495 1120 inueniam
519 1061 629 1134 uspiam
654 1060 772 1127 Aurum.
798 1041 882 1120 dum
905 1059 953 1120 hio
976 1064 1019 1118 est
1041 1053 1221 1133 occupatus’;

279 1165 488 1234 praesentis
498 1166 671 1226 indicativus
685 1164 846 1224 locotuturi
862 1169 926 1236 post
942 1157 1028 1222 ‘dum'
1048 1165 1165 1224 notione
1178 1156 1310 1238 „tim-

193 1265 306 1336 positus
328 1271 373 1326 est
395 1267 493 1330 Cure.
518 1270 589 1330 243.
614 1269 733 1330 Codices
763 1267 887 1330 hahent:
1042 1265 1118 1341 ‘quin
1150 1273 1181 1326 tu
1201 1268 1311 1342 aliquot

193 1368 256 1428 dies
280 1369 427 1448 Perdere,
451 1373 518 1432 dum
540 1373 678 1434 intestine
699 1377 886 1446 exputescunt
908 1373 979 1446 tibi,
1003 1374 1085 1434 Nune
1109 1371 1175 1432 dum
1199 1372 1310 1430 salsura

192 1477 238 1534 set
261 1469 384 1552 bontst’,
407 1477 482 1552 qnod
505 1482 604 1539 tenent
630 1476 828 1537 tiieeheisenus
850 1481 879 1535 et
901 1477 1044 1536 Goetzius.
1089 1476 1145 1535 Sed
1179 1475 1234 1534 hoo
1264 1491 1310 1534 sa-

192 1593 259 1637 num
282 1595 340 1638 non
363 1596 425 1641 esse
447 1581 584 1655 Ussingio
607 1582 765 1643 assentior:
800 1598 865 1640 nem
888 1581 913 1639 si
935 1581 1063 1656 salsura,
1096 1598 1152 1654 qua
1175 1579 1242 1654 quid
1274 1595 1309 1637 ne

191 1689 394 1756 corrumpatur
413 1685 561 1761 prohiberi
584 1688 665 1756 solet,
680 1686 756 1746 bona
779 1691 831 1761 est,
856 1685 1018 1759 exspectari
1041 1701 1097 1743 non
1121 1689 1223 1757 potest,
1246 1682 1308 1741 iore

190 1790 222 1843 ut
244 1787 382 1851 intestine
404 1788 523 1868 ‘aliquot
545 1791 654 1850 diebus'
677 1793 871 1863 exputescunt.
912 1787 968 1846 Sed
992 1804 1026 1845 no
1042 1785 1171 1858 Ussingii
1193 1784 1306 1859 quidem

190 1892 393 1969 coniecturam,
416 1895 464 1968 qui
488 1908 540 1967 pro
565 1891 684 1974 (altero)
708 1887 793 1954 ‘dum’
818 1892 918 1952 scribit
941 1883 1045 1966 ‘enim',
1068 1889 1173 1963 probo:

191 1993 347 2069 Cappadox
368 1998 456 2057 modo
478 2001 609 2072 exposuit
631 2001 727 2059 omnio
743 1999 881 2058 intestine
903 2014 954 2055 sna
977 1996 1073 2054 dolere
1096 1997 1182 2068 atque
1205 2009 1306 2067 aegro-

189 2102 260 2160 tare.
306 2099 417 2162 Deinde
447 2104 603 2177 respondet
626 2103 779 2164 Palinurus
811 2101 936 2162 futurum
960 2117 1021 2160 esse
1047 2132 1082 2141 -
1109 2099 1134 2159 si
1164 2099 1234 2158 illud
1265 2099 1308 2158 ita

188 2219 218 2264 se
242 2203 348 2266 habeat
370 2238 403 2249 -
429 2206 547 2284 ‘aliquot
569 2201 688 2284 diebue’,
711 2213 742 2266 nt
764 2224 799 2266 ee
822 2210 1024 2282 exputescunt;
1047 2207 1104 2264 iem
1127 2205 1150 2262 si
1174 2207 1307 2276 pergeret

189 2306 260 2367 illud
284 2311 409 2369 noudum
432 2313 586 2385 accidisse,
622 2313 699 2386 quod
728 2314 876 2372 etiamtum
899 2311 1009 2368 salsum
1032 2308 1101 2366 setis
1124 2307 1199 2365 bona
1222 2309 1305 2365 esset,

189 2409 245 2472 hoo
269 2428 333 2472 mea
356 2414 469 2490 quidem
492 2415 633 2474 sententie
657 2417 752 2475 sensui
775 2416 891 2473 minime
914 2410 1111 2487 responderet,
1134 2410 1304 2483 praesertim

187 2515 211 2573 si
233 2517 262 2576 id
292 2519 385 2591 ipsum
416 2519 591 2593 consideras,
625 2521 700 2594 quod
722 2522 788 2578 leno
819 2519 854 2578 do
877 2518 1016 2576 viscerum
1048 2529 1163 2580 suorum
1197 2515 1304 2574 morbis

186 2634 274 2695 supra
296 2626 412 2696 questus
436 2628 488 2683 est,

272 2725 362 2785 Immo
384 2727 439 2788 hoo
462 2727 673 2790 desideramus:
689 2727 809 2801 ‘aliquot
832 2728 894 2787 dies
917 2724 1051 2799 perdura,
1075 2723 1142 2782 dum
1164 2724 1303 2783 intestina

185 2829 238 2888 tibi
262 2838 468 2908 exputescunt,
500 2834 576 2908 quod
599 2849 665 2893 mor
696 2831 824 2891 futurum
856 2831 985 2903 videtur,
1009 2843 1072 2885 eom
1103 2828 1214 2886 salsuru
1246 2843 1303 2888 non

183 2934 241 2992 iam
266 2933 370 2995 idonea
393 2937 430 2994 sit
453 2937 491 2996 ad
514 2938 565 2996 illu
586 2939 729 2997 servanda
751 2942 780 2996 et
802 2954 820 2994 a
842 2931 994 3009 putredine
1017 2927 1207 2992 defendenda.

184 3038 279 3110 Quare
302 3040 413 3101 soribo:
480 3040 572 3100 ‘Nono
596 3041 678 3100 dnm
699 3043 809 3102 salsura
830 3033 916 3117 [tran]
939 3041 984 3094 set
1005 3028 1128 3096 bonast’.
1152 3067 1191 3080 -

271 3160 513 3233 imperativus
535 3161 565 3220 in
589 3162 742 3235 principaii
768 3161 917 3221 enuntiato
941 3157 1103 3224 invenitur:
1126 3160 1214 3222 Stich.
1239 3155 1301 3220 eet

182 3242 230 3323 ‘ua
246 3265 316 3324 mihi
333 3267 451 3339 savium,
467 3265 544 3325 uum
558 3266 617 3324 rhu
631 3261 730 3341 niueum
743 3265 840 3328 oure.
860 3265 922 3325 eoo
935 3264 1019 3326 ‘nete
1034 3273 1112 3335 vum
1131 3269 1200 3330 meur
1220 3319 1226 3334 ,
1251 3318 1257 3332 .
1279 3312 1300 3340 .,

181 3369 264 3428 dum
286 3385 341 3443 ego
361 3369 408 3428 hio
430 3369 557 3430 officium
582 3383 674 3430 meum
696 3366 788 3430 facio!

268 3475 529 3534 coniuutivus
552 3470 694 3553 (pendens
716 3491 735 3534 a
758 3477 845 3536 verbo
876 3476 959 3540 ‘volo’
982 3482 1026 3539 vel
1050 3481 1193 3552 porticula
1215 3477 1299 3560 ‘ne’):

180 3577 316 3638 Pseud.
341 3577 413 3637 921'
437 3577 586 3640 dumille
610 3579 725 3656 dormit,
758 3583 821 3642 uoto
844 3581 889 3642 'Pu
912 3585 992 3656 prior
1023 3581 1171 3660 oeoupes';
1194 3587 1299 3646 Asin.

182 3683 242 3742 531
268 3680 359 3742 ‘uobis
382 3683 520 3756 periclum
553 3689 582 3741 et
604 3682 730 3743 familiae
762 3687 951 3762 portenditur,
976 3687 1065 3746 Duru
1098 3691 1159 3748 eius
1182 3705 1299 3763 exspec-

180 3791 275 3846 tamus
297 3792 427 3860 mortem,
451 3802 486 3845 ne
510 3803 561 3846 nos
585 3789 742 3848 moriamur
764 3789 863 3860 iame';
908 3791 981 3851 Mil.
1008 3794 1089 3851 1317
1114 3792 1159 3854 ib.
1184 3794 1245 3854 595
1261 3823 1298 3838 ·-

178 3889 299 3951 codices
321 3892 363 3950 sie
385 3891 535 3953 exhibent:

266 3994 327 4054 ‘lho
350 3997 436 4071 intro,
460 4012 505 4071 ne,
523 3994 589 4055 dnm
613 3995 722 4070 obsum,
746 3998 827 4056 multi
851 4001 954 4059 sortito
977 3999 1033 4060 ius’
1058 4001 1101 4066 Be
1122 4001 1161 4077 Ο,
1184 4001 1291 4062 ‘multis
1374 4003 1380 4026 '
1457 3997 1458 4021 ³

179 4101 281 4157 sortito
304 4097 353 4158 fu’
398 4115 462 4158 eum
484 4117 542 4159 rus,
566 4099 629 4174 Bb,
655 4097 746 4158 ‘multi
770 4099 870 4161 fortite
893 4101 952 4163 sua'
978 4105 1019 4181 ὓς
1043 4107 1072 4165 in
1097 4105 1121 4164 A
1145 4106 1217 4164 haec
1241 4121 1293 4180 ep·

177 4211 351 4276 putruerunt:
379 4203 464 4262 tUh·
489 4219 523 4263 ru·
545 4203 720 4264 sospite·
743 4205 817 4280 Fir,
842 4206 868 4267 h.
887 4225 922 4284 e,
932 4215 964 4267 ut
987 4211 1107 4284 uidetur,
1128 4209 1295 4276 MULTAE
