2924 4644
305 418 330 473 1.
355 419 541 478 consilinm
568 421 648 495 latet,
670 427 699 478 et
721 423 845 494 primurn
868 438 1008 498 ponamus
1030 445 1089 505 eos,
1111 433 1140 490 irr
1163 432 1267 505 quibus
1348 439 1350 444 “

593 520 625 601 a)
648 528 727 584 notio
753 518 850 600 „bid”
876 531 960 590 inest.

301 621 374 680 Sunt
396 628 512 685 omuino
534 628 693 700 quinque
716 631 863 703 exempla:

302 725 399 786 Truc.
424 727 445 801 l,
471 733 539 799 1,2
585 729 659 790 ‘Non
683 735 775 791 omnis
797 741 878 795 aetas
901 738 938 796 ad
961 740 1182 811 perdiscendum
1214 748 1258 801 sat
1290 749 1333 803 eat

214 826 342 900 Amanti,
365 831 439 890 dum
462 835 493 893 id
515 835 670 909 perdiscat,
694 843 763 910 quot
785 844 886 912 pereat
904 835 1007 900 modis'
1036 873 1070 883 -«
1096 844 1224 903 Alteram
1248 847 1332 906 huius

214 931 271 988 loci
295 939 426 1005 partem:
448 939 586 1014 ‘rimanti
618 942 685 999 dum
718 942 747 1000 id
777 944 924 1016 perdiscat
955 961 978 1005 e.
1002 960 1029 1018 q.
1055 941 1097 1025 s.’‚
1127 949 1330 1022 interpolatam

214 1049 277 1093 asse
300 1044 397 1097 mouet
419 1039 578 1102 Schoellius
599 1045 630 1102 in
653 1046 717 1107 Aet.
741 1030 800 1107 soc.
825 1047 892 1120 plril.
918 1049 995 1121 Lips.
1021 1050 1046 1107 ll
1071 1066 1098 1123 p.
1125 1053 1186 1113 tte

301 1140 396 1202 Asin.
420 1146 481 1203 935
505 1144 581 1206 ‘Non
602 1149 671 1207 licet
698 1168 815 1210 manere
840 1184 878 1193 -
902 1169 974 1212 cena
1002 1157 1135 1227 coquitur
1163 1187 1215 1228 -,
1248 1159 1333 1217 dum

214 1259 313 1301 cenem
336 1242 450 1306 modot'
475 1281 515 1292 —
538 1251 706 1312 Holtzins
729 1286 770 1296 -
801 1257 820 1315 l.
843 1273 869 1313 e.
899 1257 926 1314 ΙΙ
949 1272 976 1329 p.
1005 1261 1063 1316 18⁴2
1170 1273 1333 1336 perperam,

215 1352 248 1403 ut
270 1349 384 1422 opinor,
417 1356 564 1412 notionem
597 1347 646 1433 „lo
669 1348 755 1438 quqe
778 1351 847 1418 diff
880 1361 995 1419 subesse
1023 1361 1176 1420 existimat.
1213 1395 1254 1404 -
1286 1365 1333 1425 ib.

214 1452 277 1511 429
303 1483 340 1496 --
367 1455 454 1515 Codd.
478 1457 602 1520 habeut:

301 1556 385 1631 ‘Quia
406 1561 532 1620 triduom
555 1608 562 1622 .
586 1608 593 1623 .
619 1609 625 1623 .
649 1561 712 1622 loro
735 1579 853 1639 operam
877 1568 1026 1628 adsiduam
1049 1569 1140 1642 dedi,
1167 1569 1258 1628 Dum
1287 1587 1332 1628 re·

214 1661 324 1734 periam
347 1665 396 1737 qui
417 1667 558 1737 quaeritet
581 1671 733 1738 argentum
756 1669 786 1726 in
809 1669 900 1745 t'enus,
924 1671 971 1729 hic
994 1689 1044 1730 ves
1068 1667 1225 1740 Dormitis⁷,
1254 1673 1329 1744 quod

215 1763 406 1827 detonderunt
427 1767 630 1828 Fleckeisenus
653 1776 683 1828 et
705 1769 857 1844 Ussiuglus
879 1777 929 1848 ita,
953 1781 984 1832 ut
1008 1790 1105 1832 versus
1129 1790 1215 1833 causa
1240 1767 1328 1832 ‘dedi'

216 1876 355 1941 ponerent
378 1877 445 1930 ante
468 1869 617 1944 ‘operam'z

301 1974 374 2047 Quia
397 1974 521 2036 triduom
542 1977 596 2036 lroc
620 1978 707 2036 umim
728 1981 813 2040 modo
836 1976 898 2038 ford
927 1981 993 2040 dedi
1026 1995 1144 2054 operam
1177 1980 1329 2042 adsiduam

301 2183 357 2243 Sed
381 2202 434 2260 ego
458 2188 574 2261 quidem
597 2204 783 2262 praesens
805 2192 965 2252 desiderari
989 2197 1076 2265 puto;
1110 2207 1185 2265 nam,
1217 2191 1239 2248 si
1263 2203 1329 2261 per-

216 2285 322 2344 feetum
345 2292 502 2361 genuinum
525 2298 609 2371 esset,
632 2299 710 2352 certe
732 2297 761 2352 in
786 2298 915 2368 sequenti
940 2313 1024 2354 versu
1057 2295 1231 2354 coniunctivi
1265 2294 1333 2351 im·

216 2391 380 2462 pert'eoti
414 2427 452 2436 ··-
492 2397 560 2455 dum
596 2377 779 2470 reperirem
816 2401 865 2471 qui
898 2400 1101 2472 quaeritaret
1131 2427 1171 2440 -
1207 2397 1333 2470 ponendi

215 2502 308 2554 erant.
334 2529 371 2537 —-
396 2498 427 2556 ci
441 2499 565 2559 Pseud.
594 2503 674 2560 1282
699 2501 778 2561 ‘inde
801 2503 856 2563 huc
880 2503 962 2576 exii,
987 2503 1136 2576 crapulam
1158 2502 1226 2560 dum
1254 2505 1333 2560 amd-

216 2593 340 2658 Verssm’
363 2633 404 2642 -
651 2601 654 2606 ’
1152 2607 1246 2680 Quare
1270 2621 1332 2663 euru

216 2702 334 2764 Goetaio
356 2707 489 2779 praefero
511 2706 636 2784 ‘dperam
655 2711 804 2770 adsiduam
827 2705 935 2772 dedo'.
959 2743 1002 2754 -
1046 2711 1131 2774 Rud.
1157 2711 1246 2768 1190.

304 2808 388 2882 ‘qnid
411 2815 525 2874 meliust
540 2831 625 2890 quam
649 2865 654 2877 .
681 2864 687 2877 .
712 2865 717 2877 .
742 2823 773 2876 ut
795 2835 839 2876 me
855 2818 1026 2891 suspendam
1043 2814 1211 2886 clanculum,
1227 2811 1334 2871 Saltem

215 2912 356 2986 tantisper
378 2916 460 2975 dum
484 2922 622 2992 apscedat
644 2923 714 2982 haee
744 2939 762 2981 a
785 2940 829 2980 me
861 2919 1059 2995 aegrimonia?
1086 2950 1120 2961 ·-
1147 2917 1211 2977 Hoc
1238 2917 1334 2976 iooose

218 3013 325 3075 dictum
349 3025 400 3081 est.
446 3027 551 3098 Aptior
574 3044 642 3086 sane
665 3029 755 3087 videri
779 3032 892 3100 poterat
915 3022 1088 3097 significatio
1113 3031 1215 3100 „lotan
1246 3017 1331 3092 nut,“

215 3142 300 3200 quem
323 3132 419 3187 tamen
443 3133 592 3203 quominus
621 3135 794 3205 accipiamus
822 3129 943 3202 impedit
970 3132 1143 3192 antecedens
1164 3122 1331 3195 ‘tantisper‘

220 3261 261 3271 -
294 3231 377 3294 Cure.
402 3235 463 3296 526
488 3233 567 3295 ‘istas
590 3237 683 3296 minas
706 3236 814 3310 decem,
837 3237 886 3308 qui
909 3251 954 3294 me
977 3249 1136 3309 procurem,
1160 3231 1251 3288 Dum
1275 3243 1333 3284 mc-

219 3337 274 3396 lius
297 3339 344 3412 sit,
368 3340 437 3398 mihi
470 3333 581 3403 des’·-
627 3342 697 3403 Dum
720 3340 782 3400 cod.
806 3341 841 3415 it,
865 3353 949 3414 quem
982 3342 1070 3399 secuti
1102 3339 1168 3392 sunt
1200 3331 1334 3403 editores,

219 3439 274 3499 ‘sit‘
298 3445 415 3518 seripsi;
439 3446 462 3505 B
485 3448 573 3522 habet
597 3441 657 3508 ‘fit’
683 3481 720 3488 ·-

324 3548 436 3610 Deinde
459 3551 548 3610 aliero
572 3553 666 3610 duos
688 3553 774 3626 locos,
799 3552 847 3609 ubi
870 3548 1012 3623 particula

305 3653 332 3714 b.
356 3655 432 3716 valet
457 3649 632 3735 „tutil)tettb¹‘
659 3659 699 3718 ita
721 3656 846 3730 quidem,
867 3660 898 3712 ut
920 3650 1069 3711 consilium
1099 3646 1242 3705 indicetur
1274 3647 1335 3705 eius

220 3762 268 3836 qui
290 3762 432 3835 loquitur:
457 3763 559 3818 'l'ruc
593 3762 640 3835 IV,
664 3765 692 3836 ⁴2,
716 3763 733 3819 6
759 3761 804 3820 ib.
830 3761 852 3834 l,
876 3757 904 3830 2,
928 3757 956 3814 9.

305 3866 406 3926 Priore
439 3870 520 3927 loco:
551 3867 623 3939 ‘Ego
652 3867 699 3926 hic
734 3867 848 3925 interim
873 3909 879 3923 .
904 3909 910 3920 .
938 3856 1118 3932 praesidebo,
1149 3857 1219 3917 Istic
1251 3857 1334 3916 dum

220 3974 262 4030 sic
284 3969 373 4030 iaciat
419 3973 532 4031 domum
556 3971 593 4030 ad
617 3977 645 4028 le
667 3959 845 4044 exagogam*
874 3965 1022 4023 consilium
1055 3962 1177 4022 indicari
1210 3962 1335 4020 mraxime

217 4083 339 4151 apparet
362 4093 396 4135 cx
418 4078 454 4136 iis
477 4093 550 4151 qnae
573 4081 744 4152 sequuntur:
776 4075 846 4133 ‘Nec
869 4084 1040 4144 quemquam
1062 4070 1177 4127 interim
1201 4067 1273 4125 istoc
1297 4066 1333 4124 ad
1396 4081 1400 4094 “
1456 4163 1457 4170 ¹

218 4199 267 4240 vos
291 4183 338 4255 qui
363 4182 400 4239 sit
419 4181 485 4240 odio
510 4171 721 4240 lutromittam.’
746 4182 776 4234 ut
808 4193 906 4236 sensus
938 4176 992 4235 sit:
1015 4171 1269 4244 ‘Animadvertam
1302 4187 1335 4227 rre
