2924 4644
211 243 262 308 '32

423 423 523 484 Trin.
548 423 588 484 58
619 455 655 466 -
681 423 787 484 ‘Dum
811 425 925 498 quidem
948 426 1044 488 hercle
1067 431 1161 485 tecum
1184 430 1275 500 nupta
1297 429 1346 502 sit,
1441 479 1442 482 ,

221 542 289 586 saue
312 524 396 586 velim
411 520 489 602 (eam
504 528 687 600 superstitem
710 522 807 607 essel’,
829 535 860 590 et
878 529 931 588 Me
942 545 969 590 n.
988 531 1028 590 90
1046 531 1192 589 invenitur
1210 532 1346 591 coniunc·
1440 564 1441 567 =

219 629 293 690 tivos
316 631 564 706 potentialis.
610 631 659 703 (cl.
683 633 761 692 Ter.
786 632 877 695 Andr.
903 628 989 711 319.)
1440 630 1441 639 ’

305 751 437 812 Eandem
460 753 611 828 rationem,
642 769 726 828 quam
757 755 787 812 in
819 754 1064 814 enuntiat-ionibus
1087 753 1345 832 condicionalibus‚

214 871 283 929 quas
315 860 428 932 vocant,
460 857 613 916 imealibus
640 858 762 930 legimus
793 857 937 919 Bacch.
973 859 1055 918 1048
1089 858 1142 918 ‘Ne
1164 858 1212 916 ille
1236 859 1340 932 edepol

216 959 326 1033 Ephesi
349 961 438 1020 multo
461 961 613 1020 mavellem
635 959 729 1035 ieret,
761 961 850 1020 Dum
874 963 968 1022 salvos
991 966 1083 1038 esset,
1108 978 1191 1036 quam
1214 964 1344 1022 revenis-

219 1070 262 1124 set
284 1057 420 1127 domum'.

303 1185 508 1245 Consilium
536 1185 747 1260 quodammodo
779 1185 969 1248 subauditur:
1003 1186 1115 1260 Epid.
1149 1187 1213 1246 270
1235 1184 1342 1248 ‘iacere

215 1292 300 1362 cupio
323 1289 445 1364 quidvis,
469 1288 553 1348 dum
576 1289 607 1349 id
630 1288 685 1350 iiat
706 1284 819 1368 modo’3
843 1292 892 1351 ib.
917 1288 978 1351 348
1004 1289 1113 1349 ‘Dum
1136 1290 1190 1349 tibi
1212 1307 1266 1364 ego
1277 1292 1341 1363 pla-

212 1409 292 1453 ceam
312 1398 399 1470 atque
421 1393 574 1470 obsequar,
606 1410 700 1454 meum
728 1400 842 1469 tergum
865 1395 948 1456 iiocci
971 1387 1066 1456 facio'.
1112 1393 1251 1455 Bacch.
1275 1396 1340 1455 867

212 1495 336 1570 ‘pacisce
360 1545 366 1558 .
392 1543 398 1558 .
431 1498 560 1574 obsecro,
594 1498 779 1560 ...Dum
812 1518 856 1560 ne
886 1499 1049 1561 manufesto
1071 1500 1217 1559 hominem
1240 1501 1340 1572 oppri-

215 1607 275 1661 mat
297 1619 368 1661 neve
391 1602 511 1677 enicet’;
544 1635 581 1646 -
606 1602 715 1664 Mene.
741 1601 782 1664 84
806 1639 843 1647 -
870 1603 970 1680 Oapt.
1004 1605 1075 1679 prol.
1100 1603 1140 1662 32
1164 1601 1223 1663 ‘Nil
1246 1604 1342 1676 pretio

218 1710 319 1783 parsit,
343 1707 402 1769 filio
426 1709 508 1769 dum
530 1708 681 1781 parceret'.

298 1829 332 1888 Iu
353 1831 578 1904 principali
609 1829 758 1890 enuntiato
790 1830 900 1902 positus
923 1834 966 1888 est
998 1827 1256 1886 coniuutivus
1279 1843 1341 1900 po·

210 1933 421 2016 tentialis:
468 1936 578 1996 Trin.
603 1937 642 1996 58
666 1934 745 1995 ‘sone
768 1935 854 1994 velim
877 1927 960 2012 (dum
983 1935 1078 1990 tecum
1089 1937 1180 2006 nupta
1203 1923 1283 2011 sit)';
1298 1964 1340 1975 —

383 2039 614 2113 imperfecti
637 2041 851 2100 coniunctivum
874 2042 905 2098 ut
928 2039 957 2097 iu
981 2039 1130 2099 enuntiato
1146 2036 1340 2098 condicionali

209 2143 307 2202 irreali
340 2143 416 2217 quod
437 2148 569 2223 vocatur,
592 2143 727 2206 Bacch.
753 2145 835 2204 1048
854 2143 972 2219 ‘Ephesi
994 2143 1143 2204 mavellem
1163 2141 1248 2217 foret,
1271 2141 1339 2200 dum

211 2248 305 2307 salvos
328 2243 424 2309 esset’.

417 2386 710 2462 imperativus,
738 2389 818 2460 isque
840 2385 960 2459 propria
982 2383 1010 2440 vi
1033 2379 1203 2455 imperandi,
1227 2383 1336 2440 exstat:

215 2490 291 2550 Mil.
315 2489 377 2549 893
411 2487 456 2547 ‘ne
483 2488 626 2565 formida,
658 2491 723 2549 dum
748 2490 928 2548 nescientes
952 2486 1019 2561 quid
1042 2485 1148 2546 bunum
1170 2475 1338 2556 faciamus'3

211 2593 343 2654 Bacch.
366 2593 428 2652 867
462 2591 587 2665 ‘pacisce
608 2586 747 2656 obsecro'.
953 2589 1064 2652 Eadem
1096 2593 1208 2650 ratione
1242 2604 1338 2653 coo-

210 2697 421 2756 iunctivus
444 2697 524 2772 isque
547 2697 739 2771 prohibitivus
769 2695 847 2758 llas.
870 2697 907 2771 ll,
932 2698 960 2772 5,
985 2698 1026 2756 23
1050 2694 1129 2756 ‘cave
1151 2691 1338 2754 decollareris

215 2803 294 2878 istos,
319 2802 386 2862 dum
409 2802 463 2861 tibi
484 2804 628 2876 propitius
651 2803 688 2862 sit
710 2793 866 2876 Juppitcr',
1071 2801 1111 2860 Et
1133 2798 1334 2858 coniunctivae

214 2911 243 2965 ut
274 2906 462 2980 imperativus
492 2909 638 2968 invenitur
665 2907 800 2972 Bacch.
822 2907 885 2966 418
917 2905 1070 2966 ‘rnorem
1101 2915 1231 2976 geras:
1256 2901 1331 2960 Dum

212 3015 352 3069 'caveatur
376 3057 382 3071 .
407 3057 414 3072 .
439 3059 445 3073 .
469 3027 506 3071 ne
529 3013 597 3085 quid
620 3012 778 3088 delinquat,
801 3004 902 3072 sine’.

300 3134 363 3192 Huc
395 3135 483 3194 etiam
506 3132 674 3193 reserandus
699 3141 742 3194 esi
765 3149 837 3192 unus
860 3133 949 3208 locus,
977 3130 1026 3190 ubi
1049 3130 1182 3205 ‘oportet’
1206 3143 1270 3186 cum
1293 3127 1338 3183 in·

214 3237 324 3298 finitive
347 3240 468 3312 legitur:
492 3236 616 3310 Amph.
641 3237 754 3297 996‘id
770 3235 1004 3296 omnishomines
1027 3233 1150 3297 facere
1172 3234 1338 3306 oportet,
1433 3312 1435 3325 Ι

213 3344 278 3402 duam
303 3344 388 3403 modo
410 3343 441 3403 id
463 3341 515 3403 fiat
538 3342 622 3403 bono.

299 3447 435 3506 Plurimis
465 3464 533 3507 vcro
564 3450 637 3508 locis
660 3463 695 3506 aa
716 3448 791 3506 ratio
815 3445 921 3520 subest,
944 3451 976 3504 ut
997 3445 1022 3503 is
1044 3442 1091 3514 qui
1107 3440 1234 3512 loquitur
1257 3436 1335 3496 haud

212 3554 309 3623 nragui
343 3555 478 3611 momenti
501 3569 645 3612 esserum
668 3567 806 3625 —quae
829 3551 1054 3609 enuntiationem
1080 3544 1248 3618 primariam
1273 3536 1334 3597 eiii-

215 3657 255 3713 cit
278 3687 318 3696 -
343 3672 433 3730 neque
456 3657 574 3715 multum
598 3657 623 3714 ei
646 3654 828 3716 tribuendum
853 3651 1018 3712 contendat.

300 3778 396 3850 Quare
417 3778 577 3836 invenimus
600 3779 714 3850 saepius
737 3793 801 3834 eum
819 3773 1041 3843 coniunctivum,
1065 3787 1121 3843 quo
1142 3767 1210 3841 quid
1234 3771 1265 3823 ut
1288 3762 1339 3821 fiat

213 3881 392 3942 coulceditur:
421 3883 524 3943 Trin.
560 3882 620 3940 979
660 3880 829 3940 ‘Dumille
853 3878 958 3949 neeis,
992 3891 1075 3948 quem
1099 3889 1153 3946 ego
1176 3887 1238 3930 esse
1262 3869 1338 3939 nolo,

216 3987 255 4044 sis
278 4002 342 4044 mea
374 4003 469 4063 causa,
502 3986 551 4061 qui
578 3979 683 4066 lubet'3
711 3985 814 4057 Epid.
847 3977 908 4041 679
939 3979 1024 4039 ‘Dum
1047 3981 1109 4037 sine
1138 3995 1182 4037 mc
1205 3991 1338 4053 quaeras,

213 4106 334 4164 quaeras
357 4107 421 4149 mea
442 4106 528 4150 causa
552 4090 596 4148 vel
618 4089 712 4148 medio
734 4091 764 4146 in
787 4079 871 4148 vnari'
899 4117 936 4126 .-
962 4084 995 4143 ln
1019 4089 1140 4157 utroque
1176 4084 1240 4141 loco
1264 4081 1337 4142 ‘mea

211 4196 306 4257 causa'
329 4194 459 4255 additum
482 4201 525 4255 est
547 4225 589 4238 -
612 4195 707 4255 Pers.
736 4192 795 4250 146
812 4221 853 4234 -
876 4188 924 4249 ubi
948 4190 1159 4249 coniunctivum
1183 4186 1328 4278 antecedit
